2509 3892
188 152 251 216 104
625 151 760 206 VEGETI

186 339 266 395 aqua
289 301 459 394 abstinebis,
482 339 518 377 ne
541 321 669 378 nimium
690 320 787 395 bibat,
811 320 847 379 de
870 323 998 396 ubsque
1021 324 1105 396 parte
1126 320 1190 379 colli

186 409 362 494 sangninem
384 407 535 483 detrahes,
557 411 649 485 caput
671 409 748 468 sicut
769 410 915 485 scriptum
937 413 983 468 est
1005 410 1129 469 curabis.

490 616 554 679 IX.
577 615 628 680 Dc
650 617 891 682 distentionibus.

108 757 242 798 masena.
286 746 484 807 Distentionis
499 765 616 822 quoque
630 745 770 805 valetudo
785 746 823 804 ad
838 748 945 823 capitis
958 749 1117 824 praecipue
1129 766 1191 806 cau-

186 855 250 895 sam
272 836 407 895 refertur.
453 833 544 894 Cuius
568 836 643 893 haec
672 838 763 902 erunt,
789 837 887 913 signa:
917 837 1098 913 impediente
1126 837 1191 895 cali·
1212 855 1242 896 s,

186 927 255 1003 gine
279 924 484 983 obscurabitur
510 926 604 997 visus,
634 927 745 983 tremor
772 926 803 982 et
829 923 919 983 sudor
947 927 1041 985 totius
1067 924 1191 1002 corporis

152 1014 360 1094 2insequitur.
403 1012 487 1082 Quod
518 1014 627 1072 vitium
657 1012 805 1091 contingit
836 1033 871 1072 ex
903 1033 995 1089 aqua,
1032 1016 1058 1073 si
1090 1014 1191 1074 sudans
1240 1063 1242 1094 3

185 1105 351 1162 iumentum
368 1102 486 1177 biberit,
508 1103 556 1161 vel
579 1121 614 1159 ex
632 1102 831 1179 indigestione
854 1102 922 1177 cibi,
945 1102 1049 1164 sinon
1072 1104 1191 1163 dormiat
1241 1149 1242 1182 ,

67 1235 71 1243 -
185 1192 234 1251 vel
262 1189 438 1251 substrictus
467 1192 622 1265 manserit3
651 1190 721 1249 huic
751 1192 858 1268 capitis
886 1191 1060 1252 membrana
1089 1192 1191 1251 disten·
1241 1189 1242 1272 i

151 1280 275 1340 3ditur.
320 1278 402 1349 Quae
431 1280 530 1356 passio
558 1282 723 1339 ceterarum
752 1279 958 1340 valetudinum
985 1283 1016 1341 et
1044 1282 1110 1341 fons
1132 1297 1221 1358 prou

185 1370 275 1428 batur
298 1373 328 1428 et
350 1371 459 1428 mater:
482 1371 541 1427 nisi
564 1370 643 1428 enim
661 1371 741 1428 inter
762 1368 851 1428 initia
872 1371 1021 1429 curaveris
1044 1374 1142 1447 caput,
1162 1371 1193 1427 ut

186 1457 297 1517 animal
320 1459 450 1517 dormiat
472 1460 686 1533 competenter,
715 1457 790 1516 fiunt
813 1459 923 1536 apiosi,
945 1460 1057 1534 insani,
1080 1457 1191 1532 rabiosi,
1241 1491 1242 1544 ἢ

185 1549 335 1622 frenetici,
366 1547 502 1606 cardiaci.
542 1545 641 1624 Igitur
663 1565 730 1605 cum
753 1547 866 1606 animal
888 1547 1077 1609 distentionis
1104 1548 1191 1627 aegri·

185 1635 258 1695 tudo
288 1636 555 1712 comprehenderit,
590 1635 625 1694 de
655 1637 768 1695 cervice
798 1636 894 1695 eidem
923 1638 1098 1714 sanguinem
1126 1636 1191 1696 tolle

151 1729 240 1802 ipro
269 1724 475 1803 magnitudine
505 1727 637 1801 corporis
667 1728 698 1784 et
727 1727 843 1784 aetatis.
886 1725 926 1783 Et
952 1727 979 1784 si
1009 1727 1105 1786 aestas
1134 1727 1220 1798 crito

186 1813 250 1873 oleo
274 1817 305 1873 et
327 1817 411 1873 aceto
434 1817 526 1889 capnt
551 1816 708 1889 totumque
736 1832 842 1890 corpus
869 1833 1017 1891 perunges
1041 1818 1071 1874 et
1093 1814 1191 1873 diutis-

186 1904 259 1961 sime
282 1901 467 1978 confricabis,
489 1902 555 1961 loco
573 1904 749 1980 refrigerato
773 1905 803 1961 et
821 1920 914 1979 opaco
935 1904 1084 1963 inclusum
1105 1904 1191 1966 conti-

185 1991 277 2068 nebis,
301 1990 468 2051 substemes
492 1993 584 2049 etiam
606 1993 736 2051 stercora
759 1992 838 2051 sicea
860 1993 909 2051 vel
931 1992 1047 2069 paleas,
1074 1996 1108 2051 ut
1132 2011 1190 2070 pro·

187 2084 274 2140 vocet
286 2080 354 2157 ipsa
367 2080 508 2140 mollities
523 2080 562 2139 ad
576 2080 756 2154 cubandum,
771 2082 870 2140 locum
884 2081 1015 2140 calidum
1028 2081 1190 2152 declinabis,

185 2190 255 2228 nam
277 2170 404 2246 impedit
426 2188 568 2228 somnum.
614 2170 741 2228 Furfane
760 2172 790 2229 et
812 2170 906 2246 paleis
929 2171 978 2229 vel
1001 2170 1083 2230 foliis
1105 2171 1218 2230 lactu-n

151 2263 288 2318 tearum
308 2258 430 2332 reficies,
453 2260 607 2335 praeterea
625 2260 731 2335 potum
752 2258 908 2335 praebebis
930 2261 1079 2337 exiguum.
1125 2258 1189 2318 (tum
1239 2259 1240 2262 ’

186 2349 389 2408 convalescere
404 2349 543 2425 coeperit,
561 2347 687 2406 modicis
702 2347 953 2407 ambulationibus
967 2349 1128 2424 exercebis3
1145 2346 1190 2405 ubi

185 2439 325 2512 idoneum
346 2437 443 2497 visum
471 2438 563 2496 fuerit
590 2436 628 2495 ad
652 2436 764 2495 cibaria
790 2436 933 2514 largiora,
960 2438 1062 2497 infuso
1090 2435 1188 2497 hordeo

186 2526 224 2585 ad
242 2527 400 2604 pristinam
418 2525 660 2586 consuetudinem
678 2525 826 2602 paulatim
844 2545 897 2602 per
914 2528 1100 2586 incrementa
1115 2542 1188 2586 revo-

186 2615 309 2674 cabitur.
352 2615 385 2673 Si
408 2614 455 2672 die
474 2615 600 2690 septimo
623 2633 683 2673 non
705 2615 872 2690 profecerit,
894 2615 1071 2693 sanguinem
1090 2618 1216 2674 sunus

186 2703 222 2761 de
245 2702 428 2779 temporibus
451 2704 618 2761 emisisset
640 2704 731 2779 caput
749 2705 812 2762 sine
833 2705 1054 2763 intermissione
1073 2702 1186 2764 curabis.

225 2876 275 2994 2⁷ss
293 2868 366 2924 Chir.
382 2886 404 2923 c.
420 2875 471 2923 171
491 2869 629 2938 (Fornax).
729 2878 759 2925 11
781 2871 854 2926 chir.
870 2891 892 2926 c.
910 2877 970 2926 276.
1072 2879 1104 2927 19
1122 2869 1186 2926 Chi:-

186 2958 209 2994 c.
278 2983 284 2995 .

257 3107 272 3154 3
293 3102 328 3156 de
346 3099 529 3155 distinctione
552 3100 654 3171 capitis
673 3105 701 3157 P
730 3105 740 3173 t
766 3111 784 3157 4
807 3103 997 3158 distinctionis
1017 3106 1045 3159 P
1062 3098 1184 3158 distensio

188 3173 259 3227 cuir.
274 3175 284 3243 ΙΙ
299 3178 314 3226 t
328 3172 382 3227 hoc
391 3191 415 3226 v.
426 3174 487 3227 ΑΡ
500 3174 505 3243 Ι
521 3173 605 3227 sudat
615 3173 633 3227 i.
644 3174 747 3236 etbP
757 3177 767 3244 ΙΙ
781 3180 798 3228 8
812 3174 836 3228 si
850 3192 951 3228 uou-
961 3181 994 3228 12
1008 3173 1185 3245 competenter

186 3261 236 3297 cm.
252 3246 280 3298 P
290 3246 300 3314 ΙΙ
313 3248 329 3297 9
348 3244 392 3299 vel
411 3244 436 3297 si
454 3261 475 3297 s.
490 3245 519 3298 A
534 3247 538 3311 Ι
555 3244 753 3299 distenduntur
767 3248 794 3300 A
810 3247 883 3302 csse.
898 3246 1008 3316 (tend).
1022 3249 1032 3315 ΙΙ
1046 3254 1079 3301 14
1096 3256 1184 3314 apprc

186 3314 317 3369 henderit
334 3317 379 3384 Pl
395 3314 472 3368 tollis
491 3317 539 3383 ΡΙΙ
556 3316 597 3386 §d
610 3321 628 3370 4
642 3319 697 3370 et5
715 3333 764 3370 om.
781 3319 809 3371 P
829 3319 839 3386 [1
862 3322 895 3370 18
914 3317 1068 3372 substernis
1085 3318 1112 3371 A
1128 3311 1183 3368 sub

187 3388 312 3440 sternens
330 3402 393 3441 eser.
413 3386 470 3439 -nis
486 3386 512 3441 G
534 3388 544 3454 ΙΙ
567 3390 600 3439 10
619 3402 683 3439 cum
701 3386 845 3456 impendet
863 3404 1009 3458 sompnum
1028 3391 1056 3444 A
1077 3389 1081 3458 Ι
1104 3384 1145 3440 vel
1159 3399 1182 3451 p.

186 3457 226 3510 ed.
238 3473 281 3524 pr.
300 3459 361 3526 1122
381 3456 521 3510 valescere
539 3458 567 3510 A
588 3459 598 3526 ΙΙ
621 3462 654 3508 23
673 3456 790 3511 idoneus
808 3458 883 3513 visus
902 3462 931 3514 A
946 3461 1018 3515 cte.
1043 3462 1048 3533 Ι
1072 3458 1183 3514 infusum

185 3526 322 3581 hordeum
343 3529 413 3598 culp.
428 3543 495 3582 corr.
513 3526 755 3596 611161111121
774 3529 880 3584 emittit
898 3533 925 3584 A
