2509 3892
182 136 248 201 240
623 134 759 189 vacum

374 369 507 436 CXLV.
531 369 569 434 Si
591 370 796 453 spbaluupias
814 370 1008 451 percusserit.

74 493 221 591 {gglsffffi
268 500 469 578 Sphalangius
492 502 519 560 si
540 502 708 560 iumentum
734 499 926 576 percusserit,
954 500 1001 558 his
1024 501 1186 576 agnoscetur

220 593 330 668 signis:
360 592 421 648 etat
451 592 480 649 ei
506 593 656 649 veretrum
685 608 757 665 prae
788 588 889 649 dolore
917 591 947 647 et
975 587 1096 647 videtur
1122 587 1186 645 velle

183 682 325 758 mingere:
371 678 428 738 Oui
456 678 515 738 ista
538 681 655 738 ratione
683 678 853 737 subvenies:
881 678 993 754 piperis
1017 695 1081 736 unc.
1100 676 1123 751 L
1142 695 1187 752 py-
1246 699 1247 714 ¹

184 770 258 828 rctri
289 769 398 843 unul,
426 787 502 827 uvae
534 769 689 827 silvaticae
721 767 821 826 unul
849 769 939 826 terito
971 771 1002 825 et
1034 785 1102 825 cum
1129 765 1214 825 vinci

183 860 279 917 veteri
300 877 354 934 per
376 859 477 916 fauces
501 857 580 917 dato.
972 889 973 892 ¹

456 1064 607 1130 OXLVI.
631 1064 790 1130 Demere
813 1086 937 1132 oruaco.

76 1190 222 1288 „jnsfffl
267 1196 334 1255 Mus
357 1214 484 1255 araneus
506 1197 599 1272 pestis
623 1198 669 1254 est
695 1198 842 1255 venenata
865 1197 896 1253 et
918 1198 982 1254 tam
1005 1197 1090 1272 equis
1113 1213 1190 1271 quam

187 1316 190 1324 ·
221 1285 315 1345 bobus
347 1287 449 1345 noxia:
486 1288 577 1360 atque
614 1284 681 1343 ideo
714 1303 782 1343 oum
813 1287 918 1360 captus
950 1287 1057 1360 fuerit,
1091 1300 1191 1344 meruu
1248 1317 1249 1326 κ

184 1378 307 1435 necatur
336 1377 369 1433 in
398 1374 463 1433 oleo
492 1373 594 1450 ibique
624 1375 657 1432 in
686 1373 874 1449 putredinem
904 1376 1047 1448 vertitur,
1079 1394 1114 1434 ex
1143 1390 1220 1450 querc

184 1465 413 1538 medicamento,
445 1483 512 1523 cum
544 1464 658 1522 animal
685 1463 891 1536 momorderit,
921 1463 1012 1542 plaga
1039 1463 1146 1523 linitur
1168 1465 1193 1520 et

185 1557 307 1612 curatur
337 1553 458 1611 animal.
509 1552 567 1611 Vel
596 1555 622 1611 si
652 1555 792 1612 inventus
821 1571 882 1611 non
911 1553 1017 1627 fuerit,
1053 1555 1192 1612 cuminum

184 1645 291 1701 tritum
314 1662 382 1700 cum
404 1644 469 1719 pice
497 1642 613 1717 liquida
637 1643 825 1720 axungiaque
855 1642 1009 1716 miscetur,
1040 1643 1080 1701 ad
1102 1642 1192 1718 spissi·

185 1731 320 1790 tudinem
351 1731 541 1808 malagmatis
576 1734 720 1806 coquetur
755 1731 988 1807 impositumque
1021 1750 1041 1789 a
1071 1731 1192 1807 periculo
1249 1749 1250 1756 ¹

80 1818 100 1898 ‘¹-
151 1820 294 1879 2liberat
320 1824 351 1879 et
377 1823 472 1879 sanat.
519 1818 631 1889 Quodsi
660 1822 693 1878 iu
722 1819 968 1896 suppurationem
998 1821 1091 1880 fuerit
1112 1820 1221 1897 plagari

185 1927 339 1983 conversa,
369 1910 482 1968 lamina
510 1912 606 1969 ferrea
636 1909 775 1968 candenti
804 1909 965 1984 aperienda
993 1912 1039 1969 est
1066 1912 1096 1969 et
1119 1907 1192 1985 quid·

186 1998 258 2075 quid
280 2000 424 2058 vitiosum
447 2001 492 2057 est
514 1998 693 2058 inurendum
716 2001 805 2074 atque
832 2000 899 2073 pice
926 1998 1044 2075 liquida
1066 2000 1114 2059 vel
1136 1997 1192 2057 oleo
1250 2041 1251 2076 3

184 2089 410 2166 perennandum.
461 2088 507 2146 Ne
537 2091 638 2146 autem
667 2105 733 2147 mus
747 2124 750 2131 -
763 2106 888 2146 araneus
918 2087 1032 2147 animal
1061 2087 1192 2157 mordeat
1250 2107 1251 2132 i

185 2181 283 2255 ipsum
315 2180 418 2237 vivum
450 2177 486 2236 de
514 2181 594 2236 creta
627 2176 840 2250 circumdatum
873 2194 949 2253 quae
981 2195 1049 2236 oum
1083 2177 1192 2236 indura·

185 2270 275 2343 verit‚
303 2267 499 2344 suspendetur
526 2266 564 2325 ad
592 2266 715 2325 cossum:
745 2268 775 2324 et
802 2285 862 2325 non
884 2268 1027 2344 tangetur
1055 2280 1221 2326 amorruu

258 2455 366 2510 ichir.
383 2473 406 2509 c.
421 2460 482 2508 514.
547 2452 754 2507 woicam.
819 2451 1025 2507 euoluere.
1096 2458 1126 2507 18
1143 2450 1192 2506 Pet

259 2694 274 2740 2
293 2686 463 2756 phalangiue
477 2703 571 2757 ururpe
585 2684 736 2756 palangiue
746 2686 772 2740 L
789 2687 793 2749 Ι
809 2685 853 2738 hie
868 2684 1019 2754 apparebit
1032 2683 1144 2739 indiciis
1153 2684 1177 2738 P
1186 2681 1194 2751 Η

187 2764 202 2811 3
222 2761 301 2813 extat
319 2760 347 2812 P
368 2758 466 2812 statim
484 2759 510 2812 L
540 2761 543 2825 Ι
573 2759 602 2810 et
625 2773 675 2810 om.
691 2756 718 2809 L
743 2757 747 2827 Ι
772 2756 882 2811 videbis
900 2757 939 2810 cd.
955 2773 1001 2825 pr.
1020 2756 1131 2810 urinam
1148 2756 1192 2822 ΑΙ

186 2844 437 2954 autmingateu

258 2958 273 3006 Ἰ
293 2970 387 3007 moran
404 2953 492 3006 muris
507 2955 536 3007 et
550 2952 647 3006 aranei
661 2954 689 3007 P
699 2954 709 3021 b
724 2957 739 3006 8
754 2954 783 3005 et
800 2954 896 3005 tamen
910 2950 1013 3020 quibua
1028 2953 1056 3006 A
1071 2953 1076 3024 Ι
1093 2954 1135 3006 eet
1151 2967 1195 3005 om.

186 3026 225 3079 ed.
236 3042 283 3093 pr.
298 3027 325 3079 A
339 3027 348 3093 Ιί
364 3030 396 3079 10
415 3025 445 3077 in
464 3023 544 3077 oculo
563 3041 589 3076 n.
605 3025 633 3077 P
648 3027 657 3093 lt
677 3029 709 3077 11
729 3022 911 3077 momorderit
928 3023 956 3076 P
972 3022 1158 3085 {³1⁰morderet
1174 3020 1196 3075 L

186 3096 330 3150 mordetur
348 3097 388 3150 ed.
399 3113 443 3166 pr.
460 3098 487 3150 A
503 3099 506 3164 Ι
522 3094 609 3165 plaga
628 3102 653 3148 et
672 3094 778 3148 animal
796 3112 846 3149 om.
868 3094 893 3148 L
910 3097 920 3163 ΙΙ
940 3100 972 3147 12
993 3093 1017 3147 ei
1036 3094 1072 3150 dc
1090 3097 1197 3149 ventum

186 3168 275 3221 nonf.
291 3169 317 3222 L
337 3168 360 3220 si
377 3168 407 3221 id
421 3167 565 3221 inventum
579 3167 607 3219 P
618 3168 627 3234 ΙΙ
644 3171 676 3219 13
696 3166 803 3219 similit.
819 3168 847 3220 P
857 3168 867 3235 ΙΙ
882 3170 916 3219 14
933 3165 1100 3235 impositum
1112 3183 1161 3221 om.
1174 3164 1197 3218 L

186 3242 333 3308 (coquetur
350 3241 433 3308 quae)
447 3241 456 3307 ΙΙ
471 3245 504 3292 16
523 3237 725 3307 suppuratione
744 3237 802 3290 LA
823 3240 832 3306 [Ι
854 3242 887 3291 17
906 3240 964 3308 atq.
978 3238 1020 3291 ita
1038 3239 1079 3292 ed.
1092 3255 1134 3306 pr.
1149 3239 1175 3292 A
1191 3233 1196 3306 t

167 3310 231 3373 ¹vei
249 3327 273 3364 o.
293 3328 343 3364 oea.
359 3311 387 3364 A
399 3312 409 3378 d
424 3316 456 3363 le
477 3309 632 3362 curandum
649 3309 690 3362 ed.
702 3326 748 3377 pr.
764 3311 791 3363 A
814 3311 818 3377 Ι
839 3308 863 3362 ei
882 3312 976 3363 autem
996 3309 1045 3379 th
1061 3315 1093 3363 19
1113 3308 1198 3378 ipsum

187 3381 293 3435 animal
310 3399 334 3434 v.
350 3382 389 3435 ed.
402 3397 446 3449 pr.
463 3382 490 3434 A
515 3384 518 3446 Ι
543 3378 638 3432 vivum
656 3397 706 3434 eiu.
721 3382 750 3435 P
773 3382 776 3450 t
802 3378 910 3434 decrita
929 3380 955 3433 L
970 3383 979 3448 d
998 3386 1032 3433 20
1051 3381 1082 3434 in
1099 3378 1197 3435 coitum

186 3452 227 3514 ee,
241 3469 282 3519 pr.
303 3451 375 3506 colio
394 3452 422 3505 A
460 3454 463 3518 Ι
502 3450 682 3519 contingatur
700 3453 739 3505 cd.
756 3469 800 3520 pr.
821 3453 1009 3522 coniungetur
1023 3453 1050 3506 A
1069 3468 1125 3520 qua
1143 3467 1197 3504 eue-

186 3537 274 3589 pensa
293 3524 352 3576 eiua
372 3521 443 3576 collo
462 3537 519 3574 non
537 3520 711 3590 contingitur
728 3539 823 3576 morsu
841 3525 868 3577 P
