2509 3892
166 141 207 204 78
602 140 738 194 VEGETI

167 309 255 367 nibus
283 327 374 384 supra
406 308 492 367 dictis
525 312 555 367 et
586 308 776 385 clysteribus,
799 313 836 367 nt
862 330 880 368 a
909 310 1080 369 discrimine
1106 310 1187 369 libe-

164 400 254 457 retur.

386 535 485 599 LIII.
508 534 559 599 De
580 536 756 619 syncopob's
778 537 799 599 i.
819 537 957 620 coalitis.

13 677 67 716 125
81 675 147 715 Sehn·
231 664 264 723 Si
283 665 364 740 quod
381 667 548 724 iumentum
566 667 783 740 syncopaverit,
806 666 853 725 his
876 668 1050 743 agnoscitur
1074 666 1187 744 signis:

163 754 278 831 pigrius
301 754 476 828 ambulabit,
499 757 644 829 tanquam
662 753 825 813 suffusione
847 757 1050 815 constrictum.
1096 755 1188 813 Inter
1212 779 1224 817 s

163 844 288 903 suffusos
323 846 424 901 autem
459 846 489 901 et
519 846 697 919 syncopatos
726 843 800 902 haec
829 844 975 903 distantia
1005 847 1064 916 est,
1099 844 1188 919 quod

163 933 275 1009 suffusi,
298 933 370 991 licet
389 952 406 990 a
423 935 504 990 terra
521 932 639 990 tardius
662 933 779 992 elevent
796 932 895 1008 pedes,
917 933 1070 992 flectentes
1091 951 1187 991 crura

162 1022 298 1081 incedere
318 1022 423 1096 solent,
441 1023 598 1097 syncopati
612 1024 712 1079 autem
730 1024 868 1081 universo
888 1040 1012 1099 corpore
1025 1022 1187 1081 constricti

162 1115 193 1169 ct
214 1110 306 1189 rigidi
328 1112 412 1184 sunt3
439 1112 531 1168 etiam
554 1129 621 1169 cum
644 1129 674 1169 se
703 1109 866 1186 proiciunt,
893 1131 953 1169 nou
976 1111 1039 1168 sine
1062 1113 1186 1188 gemitu

127 1203 192 1258 ret
214 1202 279 1259 toto
303 1218 425 1275 corpore
449 1198 595 1258 decidunt.
640 1199 683 1257 Hi
705 1219 775 1259 vero
803 1218 863 1258 non
886 1200 949 1259 sine
977 1200 1059 1258 febre
1083 1204 1186 1273 emunt,
1199 1224 1221 1263 ιο

161 1288 260 1347 cibum
287 1292 317 1346 et
346 1291 452 1363 potum
479 1289 652 1363 fastidiunt,
681 1288 776 1366 magis
806 1289 902 1347 iacere
930 1290 1096 1365 cupientes,
1129 1289 1186 1365 qui

162 1396 227 1435 curn
252 1396 282 1436 se
305 1378 405 1435 levare
428 1377 589 1451 voluerint,
619 1378 734 1452 impetu
757 1381 903 1436 conantur
926 1396 1096 1455 exsurgere,
1130 1377 1187 1437 sed

161 1470 284 1542 propter
314 1465 445 1524 dolorem
476 1467 608 1525 omnium
635 1467 834 1525 membrorum
862 1467 978 1526 tardius
1006 1470 1184 1543 exsurgunt.

127 1554 246 1624 3Qu0d
277 1555 425 1632 contingit
454 1575 489 1612 ex
516 1574 625 1632 magno
655 1555 757 1613 labore
787 1558 818 1613 et
845 1573 932 1614 cursu
954 1555 1047 1614 nimio
1071 1556 1122 1614 vel
1148 1575 1185 1614 ex

161 1644 299 1703 oneribus
313 1643 423 1718 nimiis,
438 1644 664 1720 complurimos
679 1643 769 1703 sudor
780 1643 917 1722 fatigatis
930 1646 1030 1704 nervis
1044 1644 1217 1707 membran

161 1736 354 1809 conquassat,
376 1732 455 1791 uude
479 1751 607 1809 syncope
630 1732 661 1791 id
685 1736 730 1792 est
752 1732 879 1792 defectio
902 1735 1042 1792 nascitur.
1085 1733 1182 1792 Cuius

160 1822 220 1879 ista
250 1840 321 1880 cura
348 1825 405 1880 est:
435 1822 532 1880 calida
559 1841 626 1880 cum
653 1822 725 1881 flore
752 1823 834 1880 faeni
862 1842 930 1881 eum
955 1822 1138 1882 fomentabis
1163 1843 1182 1881 a
1249 1803 1250 1862 1

162 1912 249 1986 spina
272 1913 362 1969 annis
387 1914 417 1969 et
438 1910 559 1969 renibus
581 1913 822 1987 tepefactumque
849 1911 1010 1989 diligenter
1032 1911 1179 1990 tergendo
1249 1871 1250 1924 1

161 1999 294 2075 siccabis,
316 2002 389 2058 tunc
406 2001 476 2058 vino
495 2003 530 2058 et
553 2001 617 2059 oleo
637 2001 734 2079 calido
757 2002 855 2058 totum
872 2020 1020 2078 perunges
1043 1999 1180 2059 diutissi-

160 2108 266 2164 meque
288 2089 476 2166 perfricabis:
505 2092 676 2164 coopertum
700 2088 805 2148 deinde
827 2088 900 2149 locis
924 2089 1028 2148 calidis
1051 2092 1178 2165 statues,
1192 2113 1215 2153 io
1248 2151 1249 2160 ,

126 2178 335 2240 lmollissima
359 2197 479 2254 quoque
498 2178 666 2237 substernes
689 2181 725 2236 ut
743 2178 879 2237 dormiat.
926 2178 1011 2248 Quod
1033 2197 1100 2237 cum
1123 2197 1179 2255 per
1248 2163 1249 2218 1

160 2268 294 2326 triduum
323 2269 441 2342 feceris,
470 2268 526 2326 hac
554 2270 677 2343 potione
709 2267 870 2327 refovebis:
898 2286 1018 2326 murrae
1046 2286 1111 2327 unc.
1137 2267 1178 2342 Π,

159 2357 309 2415 tracanthi
349 2376 415 2416 uno.
440 2356 496 2432 IV,
535 2357 613 2415 croci
645 2356 775 2415 dracbm.
801 2356 858 2431 IV,
892 2357 1019 2415 meliloti
1057 2375 1124 2415 unc.
1153 2356 1177 2430 I,
1247 2385 1248 2428 y

230 2542 453 2598 robberto.
528 2550 559 2598 11
580 2542 768 2598 thirem.
843 2548 876 2597 17
896 2543 969 2597 Chir.
985 2560 1007 2596 c.
1024 2548 1123 2596 241.-

232 2722 458 2775 lmmfflP

231 2797 247 2843 3
262 2795 291 2845 et
305 2810 327 2846 c.
343 2740 382 2846 111).
395 2810 438 2860 pr.
454 2794 463 2861 ΙΙ
477 2797 493 2844 5
508 2792 687 2847 suffosionem
702 2793 883 2848 constrictam
893 2795 962 2848 PM
973 2808 1041 2847 corr.
1058 2792 1106 2846 Μ’
1116 2810 1138 2847 e.
1150 2810 1171 2847 c.
1246 2739 1247 2804 1

159 2860 286 2930 patiatur
305 2865 350 2932 Vll
364 2869 380 2916 6
395 2864 490 2917 autem
504 2880 553 2917 om.
569 2866 597 2918 P
610 2870 614 2932 l
629 2865 686 2918 ista
701 2865 726 2918 d.
743 2865 770 2917 P
784 2868 788 2933 Ι
805 2867 837 2919 ut
855 2865 895 2919 ed.
906 2882 951 2933 pr.
966 2866 975 2932 ll
990 2869 1004 2916 ‘l
1024 2866 1045 2916 t.
1061 2880 1078 2917 a
1096 2867 1172 2918 terra

159 2933 253 2986 levent
265 2935 305 2988 cd.
312 2952 356 3003 pr.
373 2935 446 2990 cbo.
464 2938 467 3002 Ι
483 2936 578 2988 tamen
592 2934 618 2987 fl.
635 2937 697 2989 add.
712 2936 802 2990 Samb.
817 2938 857 3005 118
872 2936 1021 3005 sincupatu
1030 2937 1059 2989 A
1075 2939 1079 3004 Ι
1096 2951 1171 3005 corp.
1245 2961 1246 2984 ;

158 3022 204 3057 un.
215 3005 243 3058 A
257 3007 266 3072 ΙΙ
281 3011 313 3057 10
329 3005 454 3059 deiciunt
467 3006 495 3059 A
511 3008 515 3076 Ι
531 3005 561 3058 hi
575 3024 596 3060 s.
606 3006 626 3060 f.
636 3024 693 3060 non
707 3009 789 3060 erunt
803 3007 864 3061 FP
874 3010 884 3076 ΙΙ
899 3013 930 3059 11
946 3023 969 3060 c.
983 3007 1111 3076 potumq.
1124 3006 1153 3060 P
1167 3007 1170 3078 l

159 3091 234 3161 quod
253 3110 275 3147 c.
291 3093 309 3147 l.
323 3113 348 3148 v.
364 3097 392 3149 A
405 3097 414 3162 ll
429 3100 462 3148 13
482 3097 601 3165 surgunt
618 3096 667 3164 ΡΙΙ
686 3101 718 3148 15
738 3113 781 3149 on.
799 3096 871 3150 cto.
891 3084 1011 3149 horiibus
1030 3096 1059 3149 P
1075 3095 1171 3149 humo·

159 3162 236 3218 ribus
249 3167 320 3237 culp.
338 3168 342 3234 Ι
358 3166 510 3235 plurimum
526 3166 554 3219 A
567 3168 576 3235 ΙΙ
592 3172 624 3219 16
644 3168 812 3234 conquassat
825 3168 865 3220 ed.
876 3183 920 3234 pr.
938 3166 1033 3234 luade
1049 3165 1095 3219 eui
1113 3183 1172 3221 cor·
1244 3209 1245 3216 ,

158 3233 234 3308 poris
248 3237 274 3290 d.
285 3255 311 3291 n.
323 3238 351 3291 A
364 3255 390 3289 u.
402 3239 431 3291 et
445 3237 566 3307 sincopis
582 3240 611 3291 et
624 3238 650 3292 d.
663 3237 723 3291 FP
733 3240 743 3306 l}
758 3242 790 3289 17
806 3237 914 3290 curatio
927 3238 967 3291 cd.
974 3253 1019 3306 pr.
1035 3254 1058 3291 c.
1073 3237 1131 3292 ista
1144 3240 1171 3293 A

158 3309 229 3362 hacc
247 3310 290 3362 oet
309 3325 331 3361 c.
347 3310 374 3362 P
410 3316 414 3378 Ι
449 3324 523 3378 aqua
542 3325 564 3361 c.
581 3309 674 3377 ipsum
694 3324 756 3361 cum
771 3307 797 3361 fl.
817 3309 878 3362 FP
908 3310 918 3376 ΙΙ
951 3313 983 3361 18
1002 3309 1126 3377 tegendo
1143 3311 1170 3364 A

158 3380 300 3446 tangendo
314 3379 449 3447 tergendo
466 3379 491 3433 G
505 3380 514 3447 ΙΙ
529 3384 561 3431 19
577 3378 732 3433 desiccabis
747 3381 774 3433 P
787 3381 792 3448 l
808 3381 837 3432 et
853 3379 879 3431 d.
895 3381 923 3433 P
933 3382 943 3448 ΙΙ
957 3384 991 3432 20
1004 3379 1169 3449 perhicabia
1243 3419 1244 3422 η

159 3454 187 3506 Ρ
200 3446 272 3507 cuo.
288 3450 378 3504 confr-
397 3451 437 3504 ed.
449 3468 493 3518 pr.
513 3450 550 3502 fr·
565 3450 628 3504 AF
646 3453 650 3518 Ι
671 3450 772 3503 deinde
791 3466 841 3505 om.
861 3451 910 3518 ΡΙ
930 3449 1023 3504 locum
1047 3451 1170 3505 calidum

160 3525 186 3577 A
199 3525 209 3593 ΙΙ
223 3528 255 3575 21
276 3520 428 3590 molliaque
447 3523 486 3575 ed.
497 3538 541 3589 pr.
