2509 3892
140 166 205 231 308
465 164 616 219 cauom
634 165 831 219 uaavmms

140 337 265 411 vinique
289 338 361 395 sext.
380 334 397 392 Ι
419 338 450 393 et
472 353 578 410 aquae.
624 335 684 393 Bos
708 334 734 393 si
757 336 903 412 aegrotat,
925 335 1009 392 iunci
1031 334 1172 393 radicem

107 425 287 499 5deooques
311 426 341 483 et
363 444 416 500 per
435 442 557 482 cornum
576 424 670 482 dabis.
715 423 769 481 Ad
790 423 922 483 tussim
943 423 1056 482 boum.
1105 424 1172 482 Bos

142 515 168 571 si
189 514 298 573 tussiat
328 516 381 572 ant
403 514 430 572 si
452 513 628 588 suspirabit,
653 516 752 572 terrae
774 513 901 586 malum,
925 531 1014 571 ovum
1037 513 1173 572 crudum

142 605 172 661 et
195 603 314 679 adipem
343 602 465 662 suillum
488 605 518 660 et
547 603 652 660 vinum
678 604 765 661 vetus
793 594 927 682 (adipem
953 607 1056 660 tamen
1079 604 1171 677 prius

141 691 315 766 liquefacito
334 694 364 750 et
382 683 468 771 dato)
486 691 584 764 bibat,
608 692 657 750 vel
679 690 866 749 marrubium
883 710 952 749 cum
969 691 1041 750 vino
1065 690 1169 750 datur.
1200 711 1212 751 5

107 781 180 839 osi
201 781 264 839 bos
287 781 418 840 collum
442 780 677 854 subtorserit,
701 780 787 839 ebulo
811 780 941 839 contrito
963 780 1171 858 perunguitur

143 888 231 946 saepe
252 870 302 928 vel
320 869 452 928 medulla
470 870 600 943 taurina,
623 872 707 946 pn'us
725 871 827 928 tamen
846 869 977 946 axungia
994 869 1171 945 perfricato.

109 961 126 1016 7
144 958 176 1016 Si
198 959 230 1017 in
253 959 331 1017 collo
353 960 439 1018 nervi
460 958 673 1033 laboraverint,
698 959 808 1017 sumito
832 959 972 1018 corticem
995 977 1108 1017 novam
1131 958 1172 1016 de

143 1048 262 1123 subero,
293 1047 460 1107 comburito
489 1049 525 1105 ut
554 1046 697 1111 carbones
725 1047 813 1121 fiant,
846 1049 877 1105 et
905 1048 996 1106 terito
1028 1066 1065 1106 ex
1095 1049 1171 1106 vino

143 1139 238 1196 veteri
261 1139 291 1197 et
321 1138 456 1215 axungia·
478 1137 552 1195 bene
582 1131 663 1195 inter
692 1156 723 1196 se
747 1137 907 1196 commixto
936 1140 967 1195 et
993 1137 1170 1213 perfricato.
1187 1159 1212 1197 ro

144 1225 178 1285 Si
200 1227 277 1285 collo
301 1226 363 1303 pili
380 1227 498 1302 saepius
526 1226 674 1300 defluunt,
701 1226 777 1284 ulmi
800 1227 953 1285 vernaculi
975 1225 1109 1285 radicem
1132 1245 1171 1284 ex

144 1316 214 1374 vino
247 1314 405 1390 decoquito
435 1314 474 1373 ad
503 1316 609 1374 tertias
639 1319 670 1374 et
697 1334 745 1386 eo,
775 1334 844 1374 cum
871 1334 945 1391 opus
975 1333 1035 1373 non
1066 1315 1171 1389 faciet,

144 1403 262 1484 saepius
285 1404 466 1483 perunguito
493 1406 542 1463 vel
568 1403 657 1480 adipe
679 1403 782 1464 ursina
809 1404 857 1462 vel
879 1403 1011 1463 medulla
1033 1405 1170 1482 taurina,

108 1494 225 1574 Sprius
248 1496 351 1552 tamen
375 1495 505 1572 axungia
528 1495 697 1570 perfricato.
743 1493 796 1551 Ad
818 1495 1081 1552 intestinorum
1106 1493 1169 1552 do-

142 1585 262 1642 lorem.
309 1581 342 1640 Si
364 1581 436 1641 bovi
457 1584 601 1642 intestina
625 1582 782 1657 dolebunt,
805 1584 915 1641 sumito
938 1581 1002 1641 viui
1024 1584 1100 1641 sext.
1119 1582 1170 1641 ΠΙ
1185 1604 1210 1643 rs

111 1718 113 1746 3
144 1673 174 1730 et
196 1671 257 1729 olei
278 1672 387 1729 homin.
411 1674 442 1730 et
464 1671 645 1747 permirtum
672 1691 726 1747 per
753 1689 876 1729 cornum
903 1673 934 1730 et
957 1674 1043 1729 curat
1070 1690 1170 1731 reme-

142 1759 282 1818 diabitur.
329 1759 407 1819 Item
437 1760 532 1834 aliud:
562 1761 634 1819 salis
666 1780 800 1838 pugnum
833 1762 864 1819 et
893 1779 983 1835 cepae
1011 1760 1115 1836 capita
1138 1762 1168 1819 X

141 1850 256 1925 pariter
279 1850 424 1909 conterite
445 1854 476 1907 et
493 1849 525 1907 in
549 1850 624 1908 offae
643 1849 765 1908 modum
783 1848 905 1924 reficito,
929 1868 994 1909 eam
1017 1850 1050 1906 in
1074 1868 1169 1908 anum

142 1938 227 2000 bovis
259 1937 365 2016 inicito
396 1941 426 1997 et
454 1940 502 1998 fac
533 1958 602 1996 eum
634 1957 719 1997 arare
748 1939 887 1997 contiuuo
917 1938 984 1997 folli
1012 1940 1043 1996 et
1075 1958 1168 1999 sanus

108 2027 207 2097 terit.
249 2026 302 2084 Ad
320 2026 477 2087 scabiem
495 2027 607 2086 boum.
651 2027 770 2087 Scabies
788 2027 873 2086 bobis
892 2047 990 2101 neves,
1014 2030 1045 2086 et
1064 2027 1168 2086 erbam
1183 2049 1208 2089 ao

144 2117 170 2178 si
193 2119 309 2175 satrum
331 2116 448 2191 tondes,
472 2118 503 2174 et
525 2135 561 2175 ex
586 2136 620 2175 eo
645 2135 734 2192 pecus
758 2116 886 2190 lavabis,
911 2120 941 2176 et
964 2136 999 2174 ex
1023 2135 1113 2193 aqua,
1136 2117 1169 2175 in

145 2224 205 2281 qua
228 2207 327 2287 lupini
350 2205 465 2264 decocti
483 2207 604 2280 fuerint,
627 2206 821 2264 nihilominus
841 2205 964 2265 lavabis.
1011 2205 1114 2266 Bobus
1138 2210 1169 2266 et

143 2296 248 2355 ceteris
272 2294 428 2371 pecoribus
454 2294 584 2366 scabiem
609 2299 644 2353 ut
665 2293 815 2371 discutias,
838 2295 970 2354 intibum
992 2293 1168 2355 silvaticum

89 2387 130 2443 10
145 2386 272 2443 conteris
296 2387 327 2442 et
344 2386 515 2462 perunguis.
561 2384 620 2443 Bos
640 2386 694 2442 aut
716 2383 833 2442 asinum
856 2383 882 2441 si
904 2383 1022 2442 eosdem
1045 2385 1167 2444 morbos

145 2473 313 2546 inciderint,
331 2474 442 2532 sumito
461 2473 577 2532 scillam
595 2477 650 2531 aut
667 2472 765 2532 ramni
782 2472 923 2545 radicem,
941 2472 973 2530 id
987 2475 1033 2531 est
1048 2475 1168 2548 spinam
1182 2493 1205 2534 as

145 2562 244 2621 albam
266 2580 358 2637 quam
375 2562 576 2636 tenerrimam,
595 2564 625 2619 et
644 2563 676 2620 in
696 2581 805 2638 aquam
822 2561 983 2634 infundito,
1004 2581 1097 2637 quam
1116 2583 1169 2639 per

143 2649 205 2709 dies
222 2650 305 2728 ,xiv
332 2650 429 2726 bibat,
463 2650 542 2709 uude
575 2651 819 2729 expurgabantur
855 2653 886 2709 et
918 2653 1031 2709 sanitas
1065 2670 1169 2711 conse·

87 2744 126 2799 11
144 2740 254 2818 quitur.
300 2738 353 2818 Ad
381 2742 647 2818 sanguisugam.
692 2739 870 2798 Hirudinem
902 2742 927 2798 si
957 2739 1010 2798 bos
1041 2739 1169 2800 devora·

214 2984 246 3032 1v
266 2977 301 3032 cf.
317 2973 720 3049 001.V16‚5=Veg.'1v4,
735 2984 759 3032 s.
816 2985 848 3032 21
869 2978 903 3033 of.
920 2978 1023 3033 Catoa
1059 2987 1126 3036 ec.

142 3055 175 3103 as
195 3049 429 3119 ef.Veg.ssree.
504 3055 537 3104 aa
557 3050 1001 3122 001.Vlra,a=veg.1v24‚
1035 3093 1040 3104 .

213 3269 229 3318 8
248 3263 401 3333 suspiravit
414 3264 441 3318 L
455 3265 464 3332 ll
480 3269 494 3320 7
513 3264 669 3318 medullam
687 3272 712 3320 ct
726 3264 880 3335 axungiam
894 3265 920 3318 L
934 3266 943 3333 ΙΙ
958 3269 974 3317 8
989 3264 1095 3320 collum
1110 3267 1138 3321 L
1155 3268 1165 3338 ΙΙ

143 3339 174 3388 11
195 3334 437 3406 siSctocttpeam,
456 3334 482 3388 ei
501 3335 527 3389 L
547 3338 557 3404 ΙΙ
579 3342 612 3389 12
632 3335 799 3404 decoquitur
817 3337 844 3391 L
854 3338 867 3404 ll
887 3340 919 3389 12
939 3335 1053 3405 adipem
1071 3354 1099 3392 u.
1120 3339 1165 3394 vel

141 3404 296 3459 medullam
313 3408 336 3462 t.
350 3406 376 3459 L
406 3406 417 3472 ΙΙ
448 3411 480 3459 16
500 3421 551 3474 per
569 3422 591 3460 c.
608 3407 675 3460 dato
694 3410 723 3462 et
740 3407 828 3461 rem?
859 3409 868 3476 ΙΙ
902 3411 934 3462 17
954 3407 997 3460 ita
1015 3406 1096 3461 eliud
1110 3409 1138 3463 L
1155 3411 1166 3481 ΙΙ

142 3477 283 3546 1aarare]
296 3477 376 3531 coreb.
387 3491 496 3530 currere
509 3478 519 3545 ΙΙ
533 3480 568 3529 20
582 3493 620 3530 sc.
631 3493 696 3534 oves
710 3494 746 3532 ne
759 3480 859 3544 vastet,
873 3477 991 3532 herbam
1003 3478 1129 3534 cicutam
1142 3483 1163 3534 t.

145 3543 222 3599 aava.
237 3547 296 3601 coll.
308 3545 364 3602 001,
380 3547 442 3604 VII
452 3550 476 3614 5,
491 3551 510 3618 8
523 3549 533 3615 ΙΙ
547 3551 581 3602 at
601 3546 690 3615 scylla
703 3550 902 3605 autrumnisoi
916 3567 938 3606 r.
949 3550 976 3604 L
989 3551 999 3618 ΙΙ
1014 3554 1051 3608 26,
1064 3568 1123 3618 qua
1138 3554 1164 3607 L
