2509 3892
412 173 550 230 MVLOM.
570 177 596 230 11
614 183 706 243 1213
1002 177 1065 241 109

64 343 119 399 rint
143 341 199 400 illa
227 360 302 417 quae
332 342 429 402 fracta
462 345 581 404 fuerant
615 364 682 406 ossa
712 348 742 404 et
770 345 922 419 laxantur,
950 346 1066 421 tempta

63 430 189 490 sollerter
211 433 242 489 et
266 430 372 490 mobili
393 452 484 492 manu
510 435 559 493 vel
588 434 739 494 forficibus
766 433 894 493 eximito.
940 423 1066 510 Reliqua

62 518 221 596 fragmema
238 521 323 594 ossis,
342 540 418 596 quae
436 526 574 598 asperata
592 527 672 599 sunt,
695 524 881 583 ferramentis
900 526 1066 600 competen·

62 606 134 667 tibus
151 609 266 668 caedito
291 614 382 686 atque
399 611 559 686 perredito,
582 615 617 671 ut
635 631 755 671 carnem
774 611 893 671 facilius
910 611 1066 671 inducant:

42 714 206 773 snunquam
238 698 316 757 enim
348 699 498 759 clauditur
527 701 649 775 vulnus,
681 702 708 761 si
734 719 794 760 non
825 702 945 775 raseris,
975 700 1067 760 donec

63 788 174 865 sanguis
196 806 251 863 per
277 806 310 846 os
332 789 427 863 ipsius
454 790 639 865 respondeat.
683 791 720 849 Iu
744 809 802 866 quo
830 791 926 849 maior
948 791 993 848 est
1015 789 1102 847 ssd-4

62 873 182 934 hibenda
204 877 330 949 cautela,
354 879 425 952 quia
447 877 523 938 solet
544 881 576 938 in
597 880 670 938 locis
694 882 821 939 essuosis
845 882 875 937 et
897 878 1067 938 commissu-

62 963 164 1023 ralibus
187 964 289 1024 fistula
310 964 383 1026 fieri.
424 965 505 1035 Quae
528 987 595 1026 cum
618 971 762 1044 evenerit,
784 987 912 1045 parvum
933 969 963 1025 et
986 967 1067 1025 incu-

64 1051 146 1112 rabile
170 1053 263 1113 efficit
284 1055 406 1128 virinus,
433 1075 487 1133 per
509 1058 594 1132 ,quod
621 1076 682 1117 non
709 1060 805 1117 sanies
829 1056 880 1117 sed
902 1057 1009 1115 humor
1030 1056 1066 1112 li-

35 1157 53 1196 a
63 1142 161 1213 quidus
175 1146 297 1202 emanat
309 1162 363 1202 nec
376 1163 509 1220 unquam
524 1145 614 1205 ducta
628 1148 765 1206 cicatrice
779 1146 935 1206 solidatur.
969 1143 1066 1214 Quod·
1083 1145 1101 1201 5

63 1230 85 1286 si
105 1232 243 1306 evenerit,
264 1232 322 1291 hac
340 1234 455 1293 ratione
473 1235 602 1294 curabis:
625 1254 774 1312 papyrum
795 1254 850 1311 per
870 1235 967 1312 ipsam
984 1233 1067 1293 fistu-

63 1317 116 1376 lam
143 1322 278 1394 traicias,
307 1322 352 1380 ita
381 1325 415 1381 ut
442 1325 542 1399 capita
566 1327 688 1402 papyri,
719 1343 795 1400 quae
826 1328 908 1383 extra
936 1323 1067 1383 fistulam

65 1409 194 1484 eminent,
217 1428 252 1469 ex
271 1413 399 1487 utraque
419 1415 505 1489 parte
524 1414 629 1491 alliges
651 1415 722 1489 lino,
745 1433 782 1472 ne
806 1413 901 1488 eadat,
925 1407 983 1491 [et]
1007 1409 1068 1470 die·

63 1492 110 1554 bus
127 1498 155 1554 V
177 1500 226 1558 uel
244 1498 389 1577 pluribus,
412 1500 505 1561 donec
523 1502 674 1562 callositas
692 1502 809 1562 fistulae
827 1504 935 1579 papyri
958 1502 1067 1561 disten·

35 1601 54 1639 1
64 1585 135 1644 tione
156 1591 310 1666 turgescat
332 1591 362 1647 et
383 1591 481 1650 maius
503 1592 635 1650 vulneris
661 1592 794 1651 foramen
817 1590 878 1650 fiat
924 1591 1007 1651 Tunc
1030 1590 1101 1648 edo

65 1692 224 1735 mensuram
259 1677 390 1738 vulneris
427 1697 462 1737 ex
497 1679 626 1739 fistulari
660 1680 875 1740 medicamento
911 1680 1068 1756 collyrium

65 1759 156 1839 facies,
179 1769 315 1842 exempto
334 1786 449 1843 papyro
470 1769 552 1827 intra
568 1769 701 1828 fistulam
720 1771 833 1844 inicias,
856 1771 891 1828 ut
907 1770 1069 1845 impleatur

66 1868 95 1908 er
114 1854 239 1933 integro,
264 1858 294 1914 et
315 1875 352 1915 ne
371 1856 488 1916 excidat
504 1860 619 1918 munies
639 1858 804 1937 diligenter.
844 1856 917 1918 Post
939 1859 1002 1917 dies
1024 1856 1069 1916 IV

65 1939 150 1999 uelV
173 1944 277 2018 solvis;
300 1946 326 2004 si
347 1944 448 2005 fistula
471 1947 618 2023 ceciderit,
640 1949 818 2007 traumatico
841 1947 966 2023 curabis,
991 1946 1069 2023 quod

19 2030 173 2091 'avulneri
191 2052 307 2109 semper
324 2032 476 2110 immittes,
499 2035 591 2096 donec
609 2038 704 2113 spissa
725 2038 821 2096 sanies
845 2041 875 2095 et
892 2055 951 2095 non
974 2036 1069 2094 multa

65 2117 93 2175 in
113 2139 145 2180 eo
167 2124 232 2180 loco
255 2125 430 2198 reperiatur.
477 2123 551 2184 (lum
569 2129 670 2184 autem
688 2126 749 2185 iam
771 2125 929 2202 limpidum
952 2125 1103 2197 videris,7

67 2208 215 2285 collyrium
232 2211 293 2270 fac:
311 2212 454 2288 pollinem
473 2215 536 2274 ervi
551 2218 581 2273 et
598 2218 647 2275 tus
661 2215 825 2274 masculum
843 2215 948 2302 tritum
968 2214 1070 2287 aequis

68 2362 320 2485 θ6060111152.
376 2370 480 2419 11-15
495 2364 529 2419 cf.
540 2365 701 2436 vaguas
731 2365 804 2420 Chir.
815 2382 838 2420 c.
849 2370 891 2419 92.
946 2361 1070 2417 2101111.

130 2564 144 2612 1
163 2558 270 2613 fuerint
287 2560 316 2617 P
336 2563 340 2628 Ι
363 2577 426 2614 ossa
443 2561 575 2614 laxantur
591 2563 611 2614 t.
626 2563 667 2617 cd.
680 2579 723 2630 pr.
738 2562 773 2628 cf.
789 2561 863 2616 Olcir.
874 2579 903 2630 p.
918 2565 964 2626 22,
979 2564 995 2613 1
1011 2575 1035 2612 o.
1050 2557 1069 2610 l.

68 2642 110 2681 oa.
124 2632 184 2685 AP
197 2631 202 2698 1
218 2634 238 2684 1.
259 2633 288 2685 et
306 2630 355 2685 sol.
370 2634 398 2686 A
411 2634 450 2701 112
470 2631 643 2686 sollemniter
656 2635 684 2688 P
698 2636 702 2702 1
717 2632 872 2702 tbrpicibus
887 2634 915 2686 P
925 2634 965 2701 113
983 2629 1071 2684 ferra-

68 2702 199 2755 mentibus
218 2703 246 2756 A
264 2701 284 2755 f.
303 2703 527 2772 competentibus
546 2705 574 2757 P
589 2721 679 2773 comp.
694 2721 744 2759 orn.
759 2703 799 2758 ed.
810 2721 855 2773 pr.
869 2706 879 2773 11
900 2708 916 2757 4
934 2701 1070 2773 paraclito

69 2771 92 2824 A
107 2775 162 2841 atq.
179 2790 238 2842 per.
259 2789 309 2828 mn.
325 2776 352 2828 P
362 2775 372 2843 11
387 2779 402 2828 6
420 2774 571 2843 respondet
589 2777 617 2829 P
633 2776 642 2844 11
661 2782 675 2830 t
696 2792 780 2845 quam
799 2793 819 2829 s.
835 2777 862 2830 A
878 2777 882 2843 1
899 2775 1000 2829 ossosis
1020 2776 1047 2828 P
1062 2773 1072 2844 11

69 2844 170 2920 §quod
189 2861 212 2899 c.
228 2846 256 2899 P
287 2848 291 2912 1
325 2862 475 2916 parumper
492 2845 595 2900 iniuria
618 2846 708 2902 afficit
724 2866 749 2903 v.
769 2848 809 2902 cd.
822 2864 867 2916 pr.
886 2864 1003 2917 parvum
1022 2844 1071 2900 sed

68 2927 114 2969 mc.
128 2915 216 2969 efficit
225 2917 253 2970 A
267 2932 384 2986 parrum
398 2918 427 2971 et
440 2917 494 2971 inc.
508 2919 536 2971 P
546 2919 555 2987 11
570 2923 585 2971 9
600 2917 676 2986 quod
689 2936 745 2973 non
760 2918 902 2973 saniem..
914 2917 1072 2987 emittitPit

70 2989 98 3038 10
109 2987 231 3042 deducta
240 2990 268 3042 A
282 2989 321 3042 ed.
328 3005 373 3057 pr,
387 2991 397 3057 11
412 2994 445 3042 12
459 2989 569 3042 inducis
579 2991 607 3043 P
617 2989 743 3044 radicem
750 3007 802 3060 pro
813 2990 925 3044 traicias
935 2991 963 3044 A
978 2992 982 3057 1
999 3004 1071 3058 quae

69 3070 88 3108 a
100 3057 117 3111 1.
132 3058 237 3113 debent
250 3059 373 3114 eminere
382 3061 410 3114 A
423 3075 488 3129 pap.
504 3063 584 3114 extra
597 3060 704 3115 crificia
717 3077 752 3115 ex
765 3079 792 3116 u.
807 3079 834 3131 p.
846 3064 873 3116 P
884 3064 893 3131 11
908 3060 977 3115 14V
990 3061 1071 3115 etiam

70 3127 134 3184 (latr.
144 3147 166 3184 c.
177 3135 227 3184 59.-
240 3129 331 3184 tribus
341 3133 401 3186 Pet
419 3132 481 3203 ch.
495 3133 533 3186 II
542 3136 581 3186 26
592 3133 664 3187 cair.
675 3150 696 3188 c.
707 3137 744 3188 92
759 3136 763 3201 1
786 3149 810 3187 c.
823 3132 843 3186 f.
859 3134 888 3186 et
901 3133 1001 3186 humor
1014 3133 1071 3185 tur-

69 3214 127 3267 gere
140 3201 271 3272 papirnm
284 3201 374 3256 faciat
387 3204 416 3258 et
428 3202 538 3256 nullum
551 3202 570 3256 f.
585 3221 609 3258 v.
620 3202 671 3257 fiat
683 3206 710 3259 P
723 3206 728 3273 1
743 3204 873 3273 papirnm
886 3203 971 3258 moris
985 3203 1011 3256 d.
1023 3204 1050 3257 A

69 3272 170 3350 pullum
184 3274 212 3326 A
225 3275 235 3342 1
250 3278 282 3327 16
300 3273 402 3328 ulceris
416 3275 477 3328 ΑΡ
490 3276 494 3341 1
510 3275 696 3330 medicamine
710 3278 738 3330 P
752 3277 762 3345 11
782 3281 813 3329 17
833 3274 939 3329 faciens
953 3276 992 3330 cd.
1004 3292 1049 3343 pr.

71 3356 95 3394 m
109 3344 204 3399 fistula
217 3344 304 3398 iacies
318 3347 347 3400 P
363 3349 368 3414 1
388 3346 515 3416 exemplo
530 3348 599 3401 PM
616 3348 627 3415 1
647 3351 680 3401 18
693 3349 785 3401 totum
799 3348 829 3400 et
845 3363 881 3401 ne
900 3347 1034 3400 extendat
1047 3347 1075 3400 P

70 3414 146 3480 plane
158 3432 195 3470 ne
204 3432 228 3471 e.
242 3417 283 3470 cd.
329 3419 372 3472 ,Α
388 3420 392 3486 1
408 3418 526 3471 excedat
538 3433 574 3472 ne
582 3417 732 3472 imminues
742 3419 769 3472 A
782 3420 792 3487 11
807 3423 841 3472 19
854 3417 953 3472 Vcaro
967 3417 1073 3471 infecta

71 3488 154 3541 cadat.
169 3489 215 3555 ΡΙ
310 3488 332 3541 's
351 3490 379 3543 A
394 3491 399 3557 1
418 3491 539 3559 traugm.
558 3489 635 3544 ceddi
658 3491 667 3557 11
690 3493 724 3542 20
743 3488 872 3542 immittis
886 3489 946 3542 AP
963 3488 973 3555 11
991 3493 1024 3540 21
1044 3490 1073 3540 et

72 3571 126 3611 cum
139 3560 218 3628 1.Ρ1
231 3564 265 3612 22
279 3558 366 3613 facito
380 3558 517 3631 pulliuem
527 3560 554 3613 A
567 3559 655 3612 facito
670 3559 705 3613 de
718 3557 825 3628 polline
835 3560 863 3612 P
876 3560 880 3624 1
896 3556 986 3610 thuris
999 3574 1036 3609 m.
1048 3558 1075 3609 P
