2509 3892
613 126 748 181 VEGETI

478 379 644 444 LXXXI.
667 379 718 444 De
739 381 882 445 coruos.

70 502 215 599 ffigssffgn
260 509 297 568 In
326 510 460 569 folliculo
497 510 545 569 vel
572 511 605 568 in
642 528 699 568 ano
733 509 857 585 aliisque
890 509 1027 585 partibus
1057 511 1188 585 corporis

216 601 380 658 nascuntur
411 598 573 675 aliquando
609 616 749 657 verrucae
785 601 816 657 et
850 598 958 657 vitium
990 599 1189 658 deformitatis

176 691 348 765 important.
388 687 453 747 Hae
479 687 596 746 ratione
618 687 766 747 curandae
789 691 870 748 sunt:
901 688 964 746 lino
994 687 1097 747 subtili
1119 706 1189 746 con·

177 780 343 857 stringetur
359 779 427 853 ipsa
446 794 579 850 verruca,
601 775 670 835 dein
691 777 854 836 causticam
875 777 999 836 cnidum
1019 779 1190 853 imponetur
1217 802 1229 841 s

177 869 207 926 et
236 869 341 943 sponte
371 865 493 925 decidet.
541 865 632 924 Ferro
666 866 757 924 etiam
783 866 971 943 praecidetur
999 869 1029 925 et
1057 867 1189 924 cauterio

177 957 284 1015 leviter
306 955 414 1014 adusta
432 957 563 1013 sanatur.

412 1143 595 1209 LXXXII.
617 1144 668 1209 De
690 1145 776 1209 citios
798 1165 953 1210 coecorum.

71 1268 217 1363 ῌῇξζξζξ·
261 1274 414 1334 Interdum
445 1274 586 1333 iumentis
618 1274 727 1334 misera
756 1273 791 1332 fit
822 1293 902 1334 coxa.
947 1273 1003 1334 Oui
1035 1274 1072 1333 de
1107 1272 1189 1333 venis

219 1365 366 1422 femorum
388 1381 407 1421 a
429 1363 591 1423 visceribus
614 1365 735 1441 sanguis
755 1363 903 1423 emittitur
921 1367 952 1423 et
973 1367 1006 1422 in
1029 1381 1100 1423 vase
1122 1363 1229 1428 dili-10

178 1456 282 1531 genter
304 1452 462 1528 excipitur3
491 1452 671 1512 admiscetur
700 1453 792 1511 etiam
813 1453 912 1529 puluis
942 1453 1079 1526 sulfuris,
1108 1452 1191 1526 nitn‘,

177 1542 319 1600 bacarum
341 1543 420 1600 lauri
443 1542 473 1600 et
495 1542 588 1600 seclae
610 1541 715 1615 tritae,
739 1543 769 1600 et
792 1544 896 1600 contra
922 1543 1001 1617 pilos
1023 1542 1190 1601 diutissime

144 1632 368 1708 iperfricatur,
398 1633 428 1690 et
455 1649 510 1707 per
537 1630 670 1688 triduum
700 1632 742 1688 sio
770 1650 890 1690 manere
918 1633 1060 1708 patietur.
1101 1632 1192 1708 Aqua

178 1721 283 1794 etiam,
311 1721 344 1777 in
371 1738 431 1796 qua
460 1719 605 1778 verbenae
634 1721 735 1778 coctae
764 1721 846 1794 sunt,
875 1720 978 1797 tepida
1006 1723 1054 1779 tor
1082 1722 1115 1779 in
1145 1720 1191 1779 die

177 1808 355 1867 fomentabis
377 1828 431 1884 per
453 1808 516 1866 dies
533 1807 590 1865 VI:
613 1808 727 1884 pedem,
750 1828 838 1885 quem
861 1828 966 1868 sanum
983 1808 1084 1883 habet,
1107 1810 1191 1868 clavo
1204 1834 1227 1875 15

177 1898 288 1970 ferreo,
319 1897 367 1955 vel
399 1897 424 1956 si
456 1898 598 1971 defuerit,
635 1900 755 1973 spartea
786 1897 944 1972 oalceabis,
980 1898 1029 1956 cui
1059 1899 1192 1958 rotulam

178 1987 311 2063 ligneam
324 1985 450 2045 subicies
469 1989 499 2045 et
517 1986 620 2045 addita
638 1986 762 2045 fasciola
781 1987 1008 2064 diligentissime
1027 1987 1192 2066 colligabis,

179 2078 214 2133 ut
236 2075 427 2152 suppositura
448 2076 503 2135 illa
525 2075 653 2135 faciente
676 2078 771 2153 partis
792 2076 884 2151 illius,
908 2095 984 2152 quae
1007 2077 1117 2136 misera
1140 2079 1192 2150 est,

250 2234 266 2281 2
285 2226 454 2281 01111042.
528 2232 544 2281 9
564 2226 636 2281 thir.
652 2242 674 2280 c.
690 2233 732 2281 43.

250 2376 266 2423 1
285 2371 315 2423 in
333 2369 352 2423 f.
365 2402 396 2409 -
408 2385 461 2423 ano
476 2385 526 2423 om.
541 2369 581 2423 cd.
592 2387 637 2438 pr.
652 2371 680 2423 A
700 2369 751 2438 1111
763 2368 822 2423 foll.
834 2400 868 2410 —
879 2369 1001 2438 corporis
1018 2370 1100 2424 titulo
1114 2368 1192 2424 adae

179 2442 206 2495 L
222 2447 225 2512 Ι
242 2441 277 2495 al.
293 2457 404 2509 quoque
422 2442 462 2495 ed.
473 2458 517 2509 pr.
534 2442 562 2494 A
581 2442 590 2509 l
608 2446 625 2493 4
644 2444 709 2495 sunt
727 2457 778 2495 om.
792 2442 832 2496 ed.
845 2458 888 2509 pr.
907 2456 1004 2493 curam
1023 2440 1059 2495 de
1073 2443 1103 2495 A
1121 2457 1191 2511 quae

178 2514 231 2567 hoc
249 2513 333 2566 modo
351 2515 485 2566 curantur
503 2514 548 2583 P}
564 2511 611 2566 filo
629 2513 658 2567 P
676 2515 680 2581 Ι
703 2511 904 2581 constringitur
922 2514 950 2567 P
966 2512 1192 2582 constringentur

178 2585 257 2653 ipsae
275 2602 300 2638 r.
315 2585 411 2653 cdpr.
425 2585 453 2637 A
484 2586 494 2652 l
525 2590 541 2636 ὁ
559 2582 592 2636 In
611 2600 633 2637 0.
649 2600 671 2636 0.
687 2584 782 2652 cdpr.
797 2585 825 2638 A
856 2585 866 2651 l
898 2583 1066 2638 61100011
1117 2587 1167 2638 ,A
1183 2586 1192 2653 l

179 2654 430 2780 o-getupeppone
450 2654 607 2723 ruptorium
629 2658 659 2709 et
675 2655 794 2720 recedit,
812 2654 857 2708 rel
875 2654 969 2708 incide
988 2670 1053 2708 cum
1070 2602 1146 2708 gno
1165 2658 1193 2708 et

179 2742 231 2779 cau
260 2742 319 2779 rma

251 2801 266 2849 9
285 2796 335 2851 int.
351 2795 417 2851 ium.
432 2813 482 2854 om.
497 2799 537 2851 ed.
548 2814 592 2866 pr.
608 2798 637 2850 A
661 2798 666 2866 1
691 2797 726 2851 de
744 2815 767 2852 v.
787 2795 900 2851 femoris
919 2796 1034 2866 sanguis
1053 2796 1094 2851 ed.
1105 2814 1151 2866 pr.
1166 2799 1192 2851 A

180 2868 215 2920 de
233 2886 257 2922 v.
272 2867 409 2922 femorum
427 2883 461 2921 ac
478 2886 503 2922 r.
518 2870 547 2923 P
558 2875 567 2933 ΙΙ
582 2873 614 2920 12
634 2867 707 2921 lauri
726 2866 810 2921 simul
828 2867 903 2921 tritis
922 2868 962 2922 ed.
973 2885 1019 2936 pr.
1033 2866 1051 2921 1.
1067 2871 1098 2921 et
1117 2869 1192 2937 sapie

178 2939 246 2993 trite
268 2941 297 2994 P
312 2939 330 2991 l.
346 2941 375 2993 et
393 2939 467 3009 segle
489 2941 523 2994 tr.
544 2938 570 2991 L
588 2939 606 2992 l.
626 2942 655 2993 et
677 2938 749 2993 flede
770 2938 838 2992 trite
856 2940 884 2992 A
902 2940 937 3006 cf.
962 2940 1023 3008 ch.
1039 2940 1077 2992 II
1088 2942 1188 3009 86,3l

180 3010 312 3064 adversus
326 3009 416 3080 pilum
430 3011 456 3064 d.
471 3008 636 3079 perfricabis
651 3012 679 3065 P
689 3013 698 3079 ΙΙ
713 3016 746 3064 13
760 3028 797 3064 m.
811 3010 936 3079 patietur
948 3009 974 3062 L
987 3028 1023 3063 m.
1040 3010 1154 3064 dimitte
1167 3013 1193 3065 P

179 3096 342 3150 permanere
360 3082 534 3151 permittitur
552 3083 592 3135 ed.
606 3098 648 3149 pr.
664 3083 692 3135 A
705 3082 714 3150 11
729 3087 762 3134 14
781 3081 914 3136 decoctae
930 3083 975 3150 ΡΙ
991 3081 1090 3151 tepida
1109 3081 1190 3136 datur

179 3153 209 3205 in
228 3153 254 3206 d.
272 3154 312 3207 ed.
327 3170 372 3221 pr.
391 3153 488 3222 tepide
511 3153 614 3206 dantur
633 3154 661 3206 A
695 3154 705 3221 11
742 3158 775 3206 15
793 3168 844 3222 per
866 3152 926 3205 dies
945 3151 985 3205 v1
1003 3152 1077 3206 Ohir.
1097 3152 1149 3206 VH
1166 3154 1192 3207 P

179 3241 229 3279 om.
244 3225 316 3294 culp.
356 3228 359 3291 Ι
402 3224 488 3293 pedes
512 3241 581 3291 quos
605 3240 687 3277 sanos
705 3223 732 3277 h.
750 3224 789 3278 ed.
801 3241 846 3292 pr.
861 3225 889 3277 A
931 3227 936 3294 Ι
977 3223 1076 3293 glante
1093 3224 1134 3278 ed.
1145 3242 1187 3293 pr.

180 3295 280 3365 glanco
297 3295 325 3348 A
339 3294 435 3348 clauco
451 3296 477 3349 L
496 3294 574 3366 clavo
594 3296 742 3349 Buecheler
760 3294 883 3349 01010-
896 3301 928 3349 16
945 3298 1059 3364 spartea
1076 3310 1128 3349 om.
1144 3297 1190 3365 Pl)

181 3372 214 3420 16
234 3366 279 3420 cui
289 3398 322 3406 —
332 3383 359 3435 p.
372 3371 432 3431 174,
443 3371 457 3418 1
472 3365 566 3419 locum
580 3382 630 3420 om.
641 3368 669 3420 P
682 3368 687 3433 1
703 3367 748 3418 oui
761 3366 910 3421 lemniacos
925 3366 1029 3421 subicis
1038 3366 1078 3421 ed.
1086 3383 1132 3435 pr.
1147 3366 1188 3420 cui

179 3437 303 3492 lacrimis
323 3437 410 3491 subiis
429 3438 457 3491 A
483 3439 492 3504 l
520 3442 553 3489 18
572 3438 602 3490 et
619 3437 833 3505 suppositiciam
851 3438 938 3493 facies
956 3438 1032 3509 parti
1056 3436 1101 3490 illi
1120 3453 1189 3507 quae

180 3526 215 3561 m.
232 3524 255 3562 e.
269 3512 302 3562 ut
319 3508 420 3577 planas
438 3525 464 3560 u.
480 3507 570 3576 possit
587 3525 614 3575 p.
629 3508 670 3561 ed.
681 3524 725 3576 pr.
741 3510 769 3563 A
