2509 3892
183 197 225 259 88
620 195 755 250 VEGETI

184 357 301 440 oportet
329 364 459 438 infundi,
494 366 529 422 ut
557 365 757 441 perfrictionis
789 365 1008 424 incommodum
1043 367 1193 424 evincatur

185 456 275 528 atque
298 454 435 529 pellatur.
477 454 556 512 Nam
578 455 604 513 si
626 456 659 511 in
681 453 841 513 visceribus
867 455 1064 528 permanserit
1086 455 1193 531 algoris

127 545 168 601 33
184 543 304 617 iniuria,
327 543 459 603 diversos
482 543 721 617 periculosusque
743 546 881 617 procreat
905 542 1030 601 morbos.
1073 542 1105 600 Si
1127 560 1193 601 vero

185 630 299 690 dierum
318 632 531 690 canicularium
548 634 681 706 ternpore
704 635 788 689 aestu
807 632 919 690 animal
941 631 1129 709 fatigabitur,
1150 630 1193 690 vel

184 722 269 795 aquis
302 722 420 798 frigidis
452 722 497 779 est
528 719 764 796 perfundendum
796 721 844 778 vel
876 722 908 778 in
939 740 1020 779 mare
1052 720 1225 778 flumenves

183 809 376 883 mittendum,
406 808 525 886 frigidis
548 810 640 867 etiam
662 809 833 883 potionibus
855 808 1060 877 recreandum,
1091 812 1193 867 utne

185 900 317 957 cessitati
346 898 456 957 laboris
487 900 539 956 aut
567 900 710 973 temporis
740 900 839 974 aptior
867 899 1014 957 medicina
1037 899 1193 957 succurrat.

127 989 167 1045 34
185 986 243 1045 Sed
271 989 303 1045 in
333 989 417 1062 equis
447 1006 506 1045 non
541 988 636 1045 solum
667 988 797 1060 utilitas,
831 1006 934 1045 verum
963 990 1055 1046 etiam
1084 987 1193 1046 decoris

181 1077 260 1134 ratio
284 1074 429 1135 servande
451 1077 504 1134 est.
550 1076 712 1151 Nunquam
737 1077 839 1152 itaque
862 1078 922 1134 nisi
948 1076 1107 1136 necessitas
1130 1093 1192 1152 pus·

182 1165 273 1223 sionis
297 1166 436 1241 exegerit
459 1164 495 1222 de
514 1166 648 1224 articulis
670 1164 823 1223 resecandi
841 1169 911 1223 sunt
932 1165 1009 1223 cirri.
1050 1164 1192 1224 Naturale
1204 1182 1223 1221 (1

182 1255 262 1310 enim
285 1257 491 1311 ornamentum
519 1254 628 1329 pedum
656 1257 765 1312 natura
793 1255 860 1329 ipsa
887 1256 919 1312 in
941 1253 1003 1312 illis
1031 1254 1190 1313 constituit.

183 1340 334 1400 cervicem
370 1342 461 1400 etiam
499 1344 595 1417 ipsam
632 1342 759 1419 diligens
796 1342 884 1401 debet
920 1361 1026 1401 ornare
1064 1346 1190 1402 tonsura.

181 1430 270 1488 Multi
302 1432 381 1488 enim
408 1431 485 1490 sicut
512 1431 693 1505 curnilibus,
729 1433 774 1490 ita
806 1434 836 1490 et
868 1431 1023 1491 sellaribus
1055 1431 1191 1490 iumentis

128 1522 168 1579 35
184 1518 313 1594 pressius
341 1520 418 1578 colla
445 1519 561 1578 rodunt.
608 1520 690 1589 Quae
714 1539 761 1579 res
789 1521 860 1579 licet
885 1523 1037 1596 praestare
1061 1521 1192 1579 credatur

184 1610 386 1686 augmentum,
408 1612 509 1667 tamen
527 1608 581 1668 sub
599 1609 724 1667 honesto
747 1628 858 1668 sessore
877 1610 1016 1668 deformis
1040 1613 1093 1669 est.
1134 1608 1219 1667 Aliis

181 1699 227 1755 ita
249 1695 381 1770 tondent,
403 1700 438 1756 ut
461 1716 562 1756 arcum
579 1697 738 1757 videantur
759 1699 881 1757 imitari.
925 1698 1072 1757 Nonnulli
1094 1699 1191 1756 Arme·
1240 1742 1241 1758 i

182 1786 299 1844 niorum
324 1805 406 1845 more
429 1789 520 1846 cirros
549 1787 664 1862 aliquos
692 1789 723 1844 in
750 1790 874 1846 tonsura
896 1787 962 1863 ipsa
988 1788 1190 1862 perordinem

183 1874 404 1950 derelinquunt3
433 1875 483 1934 sed
507 1878 641 1953 gratiora
668 1878 738 1934 sunt
766 1895 841 1952 quae
869 1876 1017 1935 translate
1040 1876 1076 1935 de
1098 1876 1189 1935 Persis

182 1965 330 2038 posterior
352 1983 422 2023 usus
440 1966 561 2023 invexit.
607 1965 687 2023 Nam
704 1965 803 2023 media
820 1965 892 2023 iuba
915 1964 953 2023 ad
972 1984 1090 2024 omnem
1113 1983 1189 2024 eccu-

181 2054 329 2111 rationem
352 2072 386 2111 ex
405 2054 526 2112 sinistra
548 2056 635 2129 parte
652 2054 796 2128 tonditur,
820 2054 960 2113 adextra
981 2073 1052 2113 vero
1077 2054 1218 2113 omninou

125 2143 165 2201 36
180 2144 295 2201 intacta
324 2137 468 2201 servaturss
508 2142 549 2200 ut
577 2144 676 2201 nescio
706 2162 765 2218 quo
795 2146 883 2219 pacto
912 2144 1076 2219 plurimum
1104 2143 1188 2213 decet,

181 2232 252 2306 quia
280 2231 369 2305 illud,
400 2232 479 2307 quod
508 2232 688 2290 naturaliter
714 2231 820 2291 laudat
845 2232 1011 2311 Vergilius,
1045 2233 1187 2306 imitatur:
1239 2263 1240 2274 1

255 2406 268 2453 1
288 2398 496 2469 perfricationis
511 2402 571 2455 AP
582 2403 591 2469 ΙΙ
606 2406 621 2453 3
641 2400 774 2454 iniuriam
788 2401 817 2455 et
831 2401 857 2453 d.
872 2402 900 2455 A
916 2403 920 2470 Ι
936 2403 965 2455 et
983 2401 1009 2453 d.
1025 2403 1055 2455 et
1073 2420 1100 2470 p.
1116 2401 1170 2456 FP
1182 2399 1185 2468 l

180 2478 196 2524 4
215 2472 332 2526 aestatis
342 2475 369 2526 A
383 2474 492 2542 111Ρ11
507 2478 522 2525 5
538 2474 582 2525 est
595 2489 646 2526 om.
663 2475 690 2526 P
703 2475 707 2540 t
723 2471 854 2539 flumenq.
864 2475 893 2527 P
903 2471 1046 2540 flumineq.
1058 2474 1086 2527 A
1099 2475 1109 2541 ΙΙ
1123 2479 1138 2527 6
1155 2488 1186 2523 m.

180 2545 223 2596 est
236 2544 264 2597 A
279 2545 283 2612 Ι
299 2547 441 2597 recreatur
454 2544 485 2597 F
495 2546 504 2612 ΙΙ
519 2548 533 2595 7
548 2543 717 2597 necessitate
731 2542 875 2597 laboribus
891 2543 976 2613 ctu
991 2543 1042 2596 -ris
1057 2545 1094 2612 A)
1111 2548 1115 2612 Ι
1131 2542 1185 2597 ett

179 2616 240 2668 ΑΡ
256 2617 285 2669 et
302 2614 423 2683 ipffsFl
439 2614 524 2668 altior
542 2615 570 2668 A
589 2617 599 2683 ΙΙ
619 2619 636 2667 8
656 2614 737 2682 aquis
755 2616 801 2683 ΡΙ
816 2613 950 2668 utilitatis
970 2615 998 2668 P
1017 2617 1026 2683 ΙΙ
1050 2620 1066 2667 9
1085 2615 1127 2668 ita
1144 2611 1187 2680 At:

181 2691 212 2737 11
233 2687 327 2738 autem
340 2703 404 2742 eser.
420 2685 495 2738 enim
511 2685 537 2739 G
551 2685 626 2738 enim
640 2688 668 2739 A
681 2684 744 2754 ipsa
758 2686 822 2740 odd.
837 2686 865 2739 P
876 2687 885 2754 ΙΙ
900 2690 932 2737 12
947 2685 1035 2739 etiam
1047 2702 1099 2740 em.
1115 2681 1184 2752 FP!

179 2754 299 2825 diligens
318 2774 368 2812 oen.
384 2758 412 2810 Α
428 2758 432 2824 l
454 2755 605 2879 diligentes
625 2756 710 2810 debes
725 2758 772 2825 ΡΙΙ
788 2762 820 2809 13
839 2755 984 2810 dimilibus
1004 2758 1075 2812 PM
1097 2760 1101 2826 Ι
1122 2755 1186 2811 sicut
1238 2773 1239 2828 p

180 2824 305 2880 cruribus
321 2826 454 2882 iumentis
474 2844 506 2880 co
530 2843 547 2879 1
565 2843 614 2896 pre
634 2828 691 2881 suis
708 2828 813 2881 radunt
831 2829 859 2881 A
872 2829 882 2897 lt
896 2833 930 2880 14
949 2845 972 2882 c.
986 2828 1111 2897 pressius
1125 2829 1154 2883 F
1165 2841 1184 2879 c.

180 2896 332 2952 studiosius
353 2900 398 2968 ΡΙ
415 2897 538 2952 creditur
556 2899 595 2952 ed.
606 2916 652 2967 pr.
667 2900 695 2953 A
717 2901 727 2968 ΙΙ
749 2904 781 2953 15
801 2901 997 2968 argumentum
1016 2901 1044 2952 A
1067 2903 1071 2967 Ι
1095 2899 1145 2953 111)
1162 2896 1185 2950 h.

179 2984 247 3022 sexu
263 2984 294 3022 re
312 2973 340 3024 A
361 2972 365 3040 Ι
389 2968 439 3023 alii
449 3001 482 3009 -
492 2969 599 3022 imitari
613 2987 664 3024 om.
680 2974 707 3025 A
729 2972 738 3039 ΙΙ
762 2975 794 3024 le
809 2971 930 3024 tundent
944 2973 971 3025 P
993 2973 998 3040 Ι
1023 2971 1153 3025 videatur
1164 2968 1187 3023 P

177 3041 241 3105 fort.
256 3047 324 3095 recte
339 3045 343 3111 1
360 3042 436 3095 Arm.
450 3056 527 3095 more
545 3057 595 3095 orn.
611 3043 640 3096 P
659 3044 668 3110 ΙΙ
692 3047 724 3095 17
745 3040 834 3095 crines
848 3043 887 3096 cd.
902 3060 947 3111 pr.
963 3043 990 3096 A
1009 3042 1096 3097 cirros
1115 3043 1169 3097 FP
1177 3037 1185 3108 Ν

180 3116 213 3165 18
232 3112 357 3181 gratiose
376 3113 406 3166 F
424 3115 433 3180 ΙΙ
457 3117 489 3165 19
508 3112 588 3181 peior
605 3130 632 3165 u.
648 3113 675 3166 A
697 3114 702 3182 l
726 3112 882 3167 introduxit
901 3115 928 3167 P
948 3116 957 3182 ΙΙ
982 3118 1023 3180 19,
1038 3119 1073 3167 20
1091 3130 1155 3167 nam
1170 3125 1185 3163 1

179 3182 293 3236 sinistra
310 3185 392 3252 parte
410 3183 593 3238 medietatem
612 3200 754 3251 oyrrorum
778 3184 860 3237 tundi
878 3183 977 3238 iubent
996 3186 1045 3238 sed
1064 3201 1082 3238 a
1100 3186 1126 3238 d.
1140 3180 1182 3248 Pl

179 3270 269 3307 occur.
280 3255 306 3308 A
321 3258 330 3323 ss
344 3254 518 3309 adtenditur
530 3257 560 3309 F
570 3256 645 3308 -etur
653 3255 725 3324 only.
743 3256 747 3323 Ι
763 3255 853 3308 omnis
864 3256 895 3309 F
903 3257 913 3325 n
927 3261 959 3309 21
974 3255 1084 3310 insecta
1097 3257 1136 3312 ed.
1145 3269 1182 3324 pr-

178 3360 287 3413 intecta
306 3360 370 3413 AF
384 3377 479 3413 omnes
503 3362 624 3413 intactos
649 3362 761 3414 servant
779 3362 807 3415 P
836 3364 839 3430 t
868 3364 954 3430 pactu
973 3364 1001 3416 A
1030 3364 1034 3430 Ι
1065 3344 1181 3416 (131111

180 3431 263 3485 docet
281 3432 312 3484 F
327 3431 427 3485 deceat
445 3432 483 3485 ed.
495 3448 539 3498 pr.
561 3434 570 3499 ΙΙ
593 3437 626 3483 22
646 3430 778 3484 laudatur
796 3434 836 3486 ed.
847 3450 891 3500 pr.
911 3432 1058 3486 imitantur
1077 3435 1105 3487 P
1119 3427 1182 3485 illud

179 3500 333 3570 plurimum
348 3505 389 3571 (—a
404 3503 440 3570 G)
458 3519 484 3553 n.
505 3500 638 3554 laudatur
659 3501 739 3570 virge
757 3502 904 3556 emittatur
918 3506 945 3557 A
962 3503 1035 3557 illud
1050 3522 1077 3556 n.
1092 3501 1183 3556 laudat

180 3571 316 3641 Virgilius
336 3573 483 3626 emittatur
501 3573 531 3625 F
