2509 3892
451 118 591 173 MVLOM.
610 119 623 171 Ι
643 123 747 173 18—20
1064 119 1106 183 41

93 286 251 346 flebotomo
279 286 416 347 facienda
443 290 526 361 sunt,
556 287 741 347 declaratum
770 290 828 362 est3
858 287 909 347 sed
931 290 1026 347 restat
1049 289 1110 347 alia

91 395 150 433 non
172 377 276 435 minus
298 379 464 436 necessaria
487 375 692 452 efficaciorque
715 378 839 450 curatio,
862 395 938 452 quae
960 376 1110 437 suffimen·

92 468 189 522 torum
213 485 323 542 genere
346 469 378 524 et
399 466 488 525 odore
516 468 694 541 praestatur.
741 466 819 524 Nam
847 484 916 523 oum
936 467 1003 542 ipsa
1025 465 1143 525 tabes2

93 572 127 611 ex
149 555 288 631 corrupti
318 554 395 613 aeris
423 555 536 614 foetore
563 557 704 614 nascatur
726 557 756 614 ot
783 572 876 630 usque
898 556 932 613 in
952 555 1108 631 pulmones

70 636 137 720 e[et
150 638 284 722 viscera]
298 643 481 719 penetrando
496 643 663 719 descendat,
677 662 737 702 non
754 645 853 702 minus
872 643 971 702 odoris
985 644 1109 703 austeri·

92 734 154 791 tate
182 752 278 808 quam
304 732 461 808 potionum
486 733 686 792 amaritudine
713 733 867 792 consuevit
890 732 1005 808 expelli.
1051 731 1144 793 Pro3

91 839 215 880 numero
247 824 352 898 itaque
386 823 561 881 animalium
590 822 682 900 eliges
715 822 814 881 locum
842 822 987 879 humilem
1016 823 1046 878 et
1076 841 1111 879 ex

93 912 173 967 omni
201 913 293 987 parto
323 911 469 984 clausum,
499 910 532 968 in
562 930 620 985 quo
650 910 771 970 induces
801 911 944 970 animalia
973 911 1021 969 vel
1049 911 1111 969 iam

93 1000 298 1076 aegrotantia,
333 1018 410 1076 quae
437 1018 539 1058 curare
567 999 729 1074 desideras,
762 1001 811 1059 vol
839 1000 934 1059 adhuc
964 1018 1051 1068 sana,
1082 1002 1112 1057 et

61 1105 83 1144 io
94 1091 268 1163 separatim,
292 1107 369 1164 quae
392 1108 452 1147 non
474 1088 519 1148 vis
541 1088 639 1147 morbi
659 1091 835 1167 contagione
856 1089 1004 1166 perfundi.
1046 1086 1110 1147 Ori-

95 1194 204 1250 ganum
225 1178 349 1252 asinula,
372 1178 551 1254 asphaltum,
573 1177 786 1254 peucedanum,
808 1182 974 1238 castoreum
993 1180 1023 1237 et
1041 1196 1112 1254 opo·

95 1282 241 1338 panacem
274 1269 378 1342 aequis
411 1267 590 1343 ponderibus
621 1269 794 1343 permisces,
828 1268 931 1326 exinde
965 1269 1112 1343 quantum

95 1352 191 1414 'tribus
223 1355 329 1434 digitis
358 1356 458 1415 levare
491 1358 603 1431 poteris
632 1356 665 1413 in
694 1355 871 1416 carbonibus
900 1357 978 1415 vivis
1006 1358 1113 1429 mittis,

98 1443 333 1522 animaliumque
351 1463 383 1504 os
406 1447 437 1504 et
459 1447 550 1520 caput
568 1464 658 1520 super
676 1446 792 1503 fumum
813 1445 935 1518 tenebis,
957 1448 993 1503 ut
1015 1448 1111 1505 auste-

66 1547 88 1588 u
98 1532 170 1592 ritas
200 1534 301 1594 odoris
328 1553 382 1609 per
409 1552 442 1593 os
469 1537 500 1593 ot
528 1553 614 1593 nares
642 1535 820 1595 intrinsecus
850 1535 983 1612 ingressa
1013 1535 1113 1592 omnia

99 1623 248 1697 compleat
271 1625 302 1683 et
320 1641 412 1698 usquc
431 1623 469 1682 ad
487 1624 642 1699 pulmones
659 1624 823 1699 perveniat,
846 1626 876 1682 ct
896 1625 1028 1700 praestet
1050 1626 1113 1682 ani-

101 1711 227 1772 malibus
250 1712 438 1771 medicinam.

302 1920 382 1984 XX.
405 1921 484 1985 Alio
507 1921 683 2002 compositio
705 1921 916 1986 uehementior.

166 2049 223 2109 Est
246 2053 276 2108 εὴ
299 2050 360 2108 alia
382 2051 558 2125 compositio
581 2049 818 2109 suffimentorum
846 2053 884 2110 ad
905 2052 1023 2111 morbos
1046 2071 1113 2127 pro-

72 2132 258 2213 echibendos,
294 2140 497 2214 sumptuosior
530 2139 650 2214 quidem
687 2140 739 2198 sed
774 2144 808 2199 ut
841 2143 967 2216 putatur
1001 2141 1113 2199 utilior.

104 2255 313 2268 5——

173 2333 207 2381 10
226 2326 299 2381 Ghir.
315 2343 336 2380 e.
354 2331 404 2380 190
423 2325 457 2380 of.
472 2325 541 2395 Veg.
556 2325 596 2379 IV
610 2331 634 2393 3,
650 2327 691 2379 15.

107 2428 314 2446 κ-

174 2510 188 2558 1
209 2504 267 2558 sint
280 2504 328 2574 Lu
343 2510 358 2558 2
376 2503 559 2574 fumigiorum
578 2503 690 2557 caldore
704 2505 774 2558 PM
788 2502 886 2557 nidore
902 2501 950 2557 Μ’
963 2505 972 2572 11
987 2508 1003 2555 4
1021 2504 1114 2557 vetore

108 2573 132 2624 A
163 2576 167 2644 1
201 2576 363 2645 pulmonem
379 2577 407 2630 A
426 2578 455 2629 et
472 2575 619 2644 pulmones
643 2591 732 2643 usque
754 2574 927 2644 penetrando
946 2574 973 2627 L
992 2574 1068 2629 etin
1086 2594 1113 2644 p.

106 2659 190 2715 usque
208 2666 236 2716 p.
251 2648 280 2701 P
295 2650 324 2701 et
341 2665 366 2700 v.
380 2664 431 2701 om.
446 2646 574 2701 LAPF
590 2648 599 2715 11
625 2652 639 2699 7
660 2648 689 2700 et
707 2663 756 2701 om.
777 2647 892 2701 AFed.
902 2655 948 2716 pc'.
975 2650 978 2717 1
1001 2662 1035 2701 ex
1053 2648 1115 2700 uni-

108 2719 188 2772 versis
197 2718 327 2788 portibus
337 2718 370 2772 cl.
381 2720 410 2772 P
420 2721 429 2788 11
443 2723 460 2771 8
474 2719 505 2772 in
514 2719 564 2773 dol.
575 2718 665 2773 Samb.
683 2720 687 2787 1
703 2717 748 2771 vel
759 2734 809 2772 om.
821 2718 884 2773 AF
895 2719 935 2773 ed.
941 2736 987 2787 pr.
1001 2721 1010 2788 11
1025 2724 1058 2772 10
1074 2735 1115 2773 se-

108 2791 197 2853 parari
215 2791 261 2860 ΡΙ
277 2789 490 2859 et-perfundi
503 2806 553 2844 om.
575 2790 617 2844 Vl
634 2792 663 2843 et
681 2806 701 2843 s.
721 2790 771 2843 del.
786 2789 865 2845 Scbc.
884 2792 887 2857 Ι
903 2789 1036 2858 profundi
1056 2791 1116 2845 FA

110 2861 183 2921 (con.
199 2860 252 2929 A²)
266 2863 276 2930 11
290 2867 322 2914 11
342 2860 450 2915 asinale
468 2861 540 2916 ebir.
560 2860 651 2914 asium
670 2861 763 2915 aleum
776 2860 803 2913 L
822 2860 921 2914 allium
939 2862 1001 2916 PF
1017 2862 1115 2916 allium

109 2934 227 2986 mentum
240 2933 268 2986 A
282 2933 428 3001 (suprascr.
443 2931 478 2986 al.
493 2934 586 3002 vacat)
601 2932 691 2986 osium
704 2949 740 2985 m.
756 2933 796 2986 cd.
807 2949 851 3001 pr.
867 2934 876 3001 11
891 2939 924 2986 la
937 2933 1074 3001 permisce
1089 2934 1120 2987 F

109 3016 163 3057 eae
181 3005 211 3058 A
224 3004 264 3057 ed.
275 3020 319 3071 pr.
337 3005 340 3075 1
361 3004 390 3057 et
408 3004 508 3057 exinde
526 3006 554 3058 A
568 3004 607 3058 cd.
619 3020 664 3071 pr.
683 3005 693 3072 11
712 3008 744 3056 13
765 3002 873 3057 elevare
891 3005 919 3058 A
933 3005 973 3058 ed.
984 3023 1028 3073 pr.
1046 3009 1050 3075 1
1066 3022 1116 3074 po-

111 3071 191 3128 tueris
210 3090 257 3128 car
275 3075 365 3142 deficit
383 3074 409 3127 L
427 3092 512 3143 usque
530 3076 568 3128 ad
586 3093 607 3129 c.
622 3080 658 3129 21
677 3080 744 3129 ectr.
768 3075 772 3145 Ι
795 3076 929 3129 carbones
947 3094 972 3129 v.
992 3077 1031 3130 ed.
1043 3094 1087 3145 pr.
1110 3076 1113 3148 1

111 3144 194 3200 mittis
213 3148 242 3200 P
257 3161 300 3198 -as
318 3148 389 3217 culp.
405 3149 414 3214 11
433 3150 466 3199 14
485 3161 510 3198 a.
524 3162 575 3214 per
593 3164 624 3199 os
644 3149 672 3200 et
690 3163 712 3199 c.
729 3162 813 3214 supra
831 3148 860 3200 P
875 3162 899 3199 a.
911 3162 964 3216 que
984 3149 1070 3218 caput
1088 3152 1117 3201 et

112 3228 137 3268 os
153 3219 181 3272 A
204 3218 213 3285 11
237 3222 270 3270 15
288 3217 415 3286 ingressa
433 3233 484 3271 om.
498 3218 529 3270 F
544 3217 615 3287 ingr.
635 3217 699 3270 intr.
715 3220 743 3271 P
763 3219 772 3286 11
795 3223 828 3271 16
848 3220 876 3271 et
894 3235 944 3271 om.
960 3219 988 3273 A
1008 3220 1012 3288 1
1034 3219 1114 3287 adp.

111 3300 210 3414 usgueal
211 3290 240 3343 P
235 3290 285 3413 Pet
302 3288 339 3342 ad
361 3288 524 3357 pulmonem
545 3306 572 3341 u.
596 3288 770 3357 penetrando
791 3305 817 3357 p.
837 3290 876 3342 ed.
892 3306 937 3357 pr.
957 3305 991 3343 erc
1008 3290 1089 3343 liud
1110 3289 1114 3361 1

112 3371 181 3413 dmm
211 3376 221 3411 1

178 3436 211 3484 18
229 3430 304 3499 cflp.
320 3434 419 3500 seon
434 3435 466 3484 19
486 3433 515 3485 εὴ
533 3447 583 3485 om.
598 3432 626 3485 A
647 3431 656 3498 11
674 3435 708 3483 20
728 3429 865 3483 austerior
883 3429 1071 3497 sumptuosior
1089 3429 1120 3481 F

114 3502 243 3557 austerior
260 3504 305 3572 Ρ1
321 3506 353 3557 ut
371 3519 421 3557 om.
436 3505 464 3557 A
478 3504 518 3557 cd.
528 3520 573 3573 pr.
