2509 3892
451 151 493 207 De
511 152 690 208 editionibus.
1038 153 1078 207 IX

62 321 178 382 indicat
191 321 273 381 liber.
315 319 534 381 Commemorat
550 323 646 400 igitur
658 321 801 400 Vegetius
815 322 890 382 duos
908 339 972 382 seso
990 325 1082 400 scrip-

63 413 139 470 sisse
161 410 263 470 libros.
306 410 384 480 Quid
407 408 621 470 Schneiderus?
663 411 794 470 Tantum
816 411 909 486 abest,
931 414 967 471 ut
987 411 1083 490 Vege-

62 501 144 559 tium
162 501 281 559 secutus
305 500 357 575 qui
377 499 556 559 antecedunt
577 499 670 560 libros
690 503 751 559 tres
774 501 932 561 contrahat
953 501 985 560 in
1008 501 1082 561 duos

64 621 106 631 -
131 588 164 646 id
189 588 267 664 quod
290 587 404 648 codices
426 588 536 665 optimi
559 588 713 665 praebent,
734 607 836 649 omnes
859 607 929 649 sane
953 589 1082 651 editores

62 677 260 756 neglexerunt
281 708 327 718 —
349 679 384 736 ut
413 680 518 737 contra
538 677 701 756 vegetium
724 696 742 737 a
766 697 796 738 se
820 681 899 738 stare
922 679 1083 739 contendat

63 759 107 848 (p.
131 758 202 848 14):
220 766 301 826 rides
320 783 354 826 ea
372 766 446 826 libro
459 769 559 840 primo
578 772 604 826 et
620 767 746 827 recaredo
764 767 885 827 laudari
903 785 977 841 qaae
999 770 1083 829 leodic

62 858 96 915 ia
113 858 216 930 prima
239 857 426 930 reportaretur
451 856 525 925 sola,
552 858 596 915 ael
623 856 686 916 ideo
709 859 742 915 ia
769 857 842 916 aluos
871 856 1082 931 alletiapaerdo.

64 943 179 1003 Mirum
193 946 292 1004 virum
305 945 511 1021 propositique
525 945 760 1005 tenacissimum:
784 942 985 1004 concedamus
1003 948 1083 1005 enim

62 1034 100 1093 de
132 1052 206 1092 cura
239 1032 350 1094 stabuli
384 1033 434 1111 agi
463 1033 550 1108 156,
579 1034 616 1093 de
651 1035 862 1093 alimentorum
893 1034 976 1093 cultu
1010 1034 1081 1093 ibid.

63 1120 186 1198 §Bosa
215 1140 312 1182 nonne
342 1121 557 1183 observationis
587 1122 819 1182 sollicitudinem
848 1123 881 1181 in
904 1142 1083 1200 unoquoquo

64 1212 167 1289 eapite
186 1211 234 1271 vel
252 1211 371 1272 disertis
389 1211 488 1271 verbis
506 1212 554 1271 vel
571 1213 664 1272 tacite
682 1210 869 1271 commendat
887 1214 979 1288 atque
996 1232 1083 1288 prae·

62 1297 160 1377 cipit?
200 1301 282 1361 Nara
305 1301 445 1361 amasus
467 1302 584 1361 maiora
606 1301 762 1375 dispendia
783 1303 924 1362 maiorem
945 1303 1082 1363 sollici-

62 1389 222 1449 tudinem
244 1394 352 1464 opertet
368 1390 499 1464 imperiali
513 1436 520 1449 .
535 1435 542 1449 .
557 1435 564 1449 .
578 1391 680 1450 cotidie
698 1407 764 1465 erpa
786 1391 831 1450 cel
852 1393 1083 1466 frqaerrestme

62 1479 214 1553 speculari
241 1480 373 1540 coacepit
401 1479 532 1539 latitura
560 1482 769 1549 iumentorum,
796 1498 868 1539 nara
897 1480 1083 1556 diliperetibaa

62 1568 185 1626 moriers
213 1569 276 1641 ipae
303 1585 335 1628 ac
351 1568 461 1643 prod&
510 1567 559 1627 Sic
588 1571 690 1628 noster
717 1570 750 1627 in
777 1569 964 1645 praefatione
987 1567 1007 1645 ξ
1028 1572 1082 1630 16:

64 1656 102 1715 ef.
124 1658 153 1730 2,
168 1657 220 1716 40.
240 1659 269 1732 2,
284 1657 336 1732 89,
353 1658 381 1715 5.
402 1659 431 1731 2,
447 1658 498 1732 92,
513 1658 541 1717 8.
562 1659 592 1731 2,
612 1659 685 1733 140,
700 1659 729 1716 2.
745 1659 774 1733 2,
796 1660 868 1732 141,
887 1660 915 1716 4.
943 1690 981 1700 -
1006 1660 1083 1719 Eoos

64 1744 152 1804 nobis
183 1747 308 1821 opponit
338 1743 533 1805 Schneiderus
567 1746 666 1806 locum
694 1748 729 1805 ut
758 1749 786 1805 ei
814 1746 934 1807 uidetur
956 1747 1084 1808 clarissi-

64 1854 149 1893 mum
165 1836 194 1908 1,
209 1836 237 1910 9,
254 1835 286 1893 6:
308 1852 388 1895 arao
400 1837 493 1910 cippis
507 1835 642 1895 maldras
652 1836 826 1910 pastoraliter
839 1837 1084 1913 sippalariterqae

65 1924 200 1999 dipests,
221 1923 404 1998 sepulcrum
429 1926 596 1984 morborum
622 1925 760 1998 speciales
775 1928 973 2001 propriaeque
995 1944 1083 1986 carae

65 2016 176 2087 oportet
192 2012 359 2087 adirmpere,
368 2018 438 2087 poet
449 2014 519 2074 laec
532 2014 568 2072 cle
578 2014 710 2088 peperoli
722 2016 882 2075 miratore
899 2015 1083 2090 sirpalcrwm

65 2106 92 2162 ct
114 2102 268 2161 odoacre
290 2103 393 2162 doceas
420 2103 590 2163 emarcum
617 2103 726 2162 libram
742 2106 885 2177 primurn.
926 2102 1013 2163 Certe
1034 2104 1082 2163 his

64 2190 166 2250 uerbis
189 2192 348 2267 respicitur
370 2209 393 2250 o.
413 2192 455 2251 28
480 2210 538 2267 quo
562 2191 597 2251 de
620 2194 738 2252 ustione
761 2192 837 2271 agit:
864 2192 916 2252 sed
937 2193 970 2252 id
993 2212 1081 2269 quae·

65 2278 193 2338 rendum
211 2281 257 2340 est
274 2299 345 2339 uum
363 2280 427 2340 iure
445 2283 568 2357 propter
585 2281 660 2340 haec
677 2280 769 2341 verba
789 2284 893 2341 eontra
910 2283 1085 2342 testimonio

65 2367 203 2429 codicum
224 2368 377 2444 ipsiusque
400 2370 553 2446 scriptoris
576 2387 668 2447 supra
690 2369 786 2431 fusius
808 2372 941 2429 nasuta
963 2369 1000 2428 ab
1022 2373 1082 2430 isto

66 2456 201 2533 capitulo
223 2476 333 2517 nouum
350 2457 529 2534 incipiamus
542 2458 660 2518 librum.
701 2459 771 2517 Non
788 2461 868 2517 recte
886 2458 948 2517 dixi
966 2459 1083 2529 librum

66 2546 226 2606 dicendum
248 2547 314 2605 erat
335 2548 477 2607 vetrenere.
521 2547 586 2607 Hoc
613 2549 694 2607 enim
722 2547 866 2606 intererat
892 2565 926 2606 oo
949 2551 1083 2624 tempore

68 2655 128 2712 quo
151 2634 294 2713 Vegetius
322 2629 472 2717 sor-ipsit1)
495 2637 574 2696 inter
602 2635 676 2696 haec
704 2635 863 2711 vocabula,
892 2637 1026 2697 vohrmere
1053 2640 1084 2696 et

65 2726 149 2794 liber,
172 2726 207 2783 ut
228 2724 281 2783 illo
300 2723 482 2803 significetur
503 2725 535 2785 id
558 2726 637 2802 quod
654 2725 687 2784 in
705 2744 764 2786 uno
783 2725 883 2786 codice
905 2727 1084 2803 continetur,

65 2814 122 2873 boo
143 2812 176 2872 id
195 2812 274 2889 quod
292 2813 331 2872 ad
352 2833 444 2873 unam
462 2813 643 2891 eandemque
665 2835 729 2875 rem
747 2814 914 2892 spectabat:
937 2817 969 2874 in
993 2835 1083 2892 quom

66 2922 131 2962 rem
161 2901 334 2981 diligentius
363 2902 520 2979 inquisivit
548 2903 717 2963 Landwehr
746 2897 930 2985 (Woelfflini
959 2904 1084 2965 Archivi

65 2995 138 3051 tom.
157 2990 203 3049 Vi
219 3011 248 3067 p.
269 2982 442 3074 223ssq).²)
483 2988 560 3051 Vide
584 3011 674 3068 quam
697 2993 856 3072 diligenter
872 2993 1016 3072 Vegetius
1039 2994 1082 3053 di·

140 3251 167 3318 1)
186 3249 223 3304 Et
236 3249 277 3304 Ve
298 3249 387 3305 etium
405 3265 466 3305 esse
484 3251 604 3305 eundem
621 3251 672 3320 qui
691 3251 726 3307 de
739 3267 770 3306 re
786 3250 907 3305 militari
925 3250 1037 3321 scripsit
1055 3253 1084 3306 et

67 3322 171 3376 vixisse
190 3320 241 3376 snb
260 3267 417 3376 Tieodosio
435 3321 552 3393 Magno,
574 3322 646 3376 mihi
663 3322 804 3392 persuasit
821 3323 964 3390 saoemr,
983 3323 1084 3378 Stadia

69 3396 101 3449 ire
123 3394 261 3465 repertum
279 3392 432 3476 (Erlangen
451 3396 531 3463 1888)
548 3410 576 3462 p.
592 3398 634 3448 34.

140 3468 168 3534 2)
187 3462 227 3519 cf.
252 3466 338 3519 stram
362 3465 512 3531 Briareia,
542 3465 783 3536 Ualereacbarrpea
811 3465 878 3519 riter
904 3463 1084 3533 ouepewdlrlte

71 3537 187 3607 Kapitel
204 3536 250 3592 dea
267 3536 381 3592 ortiles
399 3537 578 3592 Becaweseru
595 3553 622 3604 p.
640 3542 690 3589 172
698 3553 752 3602 ssq.
