2509 3892
186 147 234 200 XL
577 145 618 199 De
643 145 811 200 auctoribus.

255 313 410 373 Interdum
432 313 476 388 fit,
497 317 532 373 ut
554 312 697 392 vegetius
720 313 874 373 dormitet:

255 411 328 489 Veg.
348 413 377 485 2,
397 412 470 486 118,
490 413 508 470 3
528 412 674 486 uacaret
697 413 761 471 suis
785 427 854 471 aaa.
869 411 981 471 cauae
1002 412 1056 471 sed
1077 412 1195 472 66661166

188 503 361 576 6666616666
375 545 382 559 .
397 547 403 559 .
418 501 556 576 depauut

259 597 338 657 Ohir.
353 599 416 659 406
431 617 503 658 uam
515 598 600 657 multi
613 602 743 657 auctores
753 598 890 657 dicerunt
901 598 953 657 166
966 599 1071 657 citium
1084 615 1196 658 caueam

188 705 249 747 aaa
267 689 371 747 habac
387 732 503 746 ......
518 687 659 746 1661666
677 690 703 746 ci
722 687 850 746 1616116
866 688 1005 761 scrophae
1022 689 1195 762 6666616666,

189 777 240 837 scd
260 778 400 846 uocatae,
422 793 482 835 aaa
504 776 615 837 cauae
630 821 637 833 .
652 821 681 835 ..

255 874 398 952 Vegetius
420 875 515 951 igitur
542 872 580 933 ad
601 873 765 933 remedium
787 890 950 949 properans
976 873 1073 933 multa
1097 874 1197 946 omisit

189 968 224 1023 ut
256 965 401 1038 6116666611
430 962 507 1021 illud
538 981 616 1022 nune
647 981 708 1022 non
741 961 850 1022 habeat
882 979 940 1037 qno
971 962 1127 1023 referatur.
1163 962 1198 1021 111

190 1055 324 1113 sescenta
346 1052 408 1112 alia
430 1051 541 1110 similia
562 1055 688 1127 possunt
710 1050 834 1129 colligi

257 1150 323 1210 Iam
344 1153 380 1208 ut
401 1150 504 1225 paucis
534 1147 814 1225 comprehendamus
843 1167 918 1223 quae
945 1148 1101 1225 disputata
1128 1152 1199 1221 sunt,

1229 420 1231 553 l

1229 726 1232 845 l

191 1240 229 1299 de
247 1242 335 1316 opere
349 1237 458 1316 Vegeti
475 1238 531 1298 hoc
549 1237 668 1297 videtur
681 1237 880 1298 statuendum.
907 1237 1005 1313 Ipsius
1018 1237 1129 1316 Vegeti
1144 1256 1200 1297 non
1231 1248 1232 1313 i

192 1329 262 1387 sunt
284 1327 343 1385 nisi
361 1327 560 1404 praelationes
584 1329 613 1385 61
635 1326 765 1403 paucula
782 1325 831 1385 hio
853 1326 917 1385 illic
935 1325 1085 1403 adspersa,
1108 1328 1200 1385 fontes

190 1415 321 1476 habebat
338 1417 412 1475 tres:
436 1413 639 1491 Columellam,
660 1418 709 1475 661
725 1417 824 1474 totum
842 1415 903 1474 fere
916 1414 1026 1474 librum
1043 1415 1088 1474 IV
1101 1420 1201 1492 postea

192 1505 341 1564 adiectum
372 1504 473 1580 debet,
508 1503 719 1582 Pelagoniam,
752 1504 916 1563 versionem
948 1503 1201 1581 Hippian-icarum

192 1595 287 1654 latine
309 1593 433 1653 factam:
462 1597 492 1653 61
518 1594 571 1653 hos
595 1592 714 1669 quidem
741 1593 784 1653 sic
811 1592 931 1652 adhibet
956 1595 990 1652 ut
1013 1612 1202 1670 quaecunque

194 1683 221 1743 ei
239 1683 288 1743 vel
305 1682 411 1742 melius
430 1682 510 1742 dicta
532 1683 580 1742 vel
597 1683 692 1741 fusius
711 1681 845 1758 exposita
862 1680 1051 1755 videbantur3
1070 1683 1104 1742 in
1120 1702 1202 1743 usum

191 1791 277 1832 suum
299 1773 442 1847 verteret3
465 1771 537 1831 ordo
560 1789 640 1844 sane,
665 1790 725 1847 qno
748 1771 844 1830 morbi
869 1773 900 1829 et
922 1789 1008 1829 curae
1032 1790 1202 1831 commemo·

90 1902 92 1907 -
192 1864 306 1935 rantur,
329 1859 366 1919 ab
389 1859 454 1935 ipso
477 1859 602 1937 Vegetio
626 1862 810 1938 excogitatus
834 1862 886 1919 est.

261 1966 361 2027 Pauca
390 1965 498 2025 addam
528 1966 600 2043 quid
629 1986 665 2025 ex
694 1965 826 2025 fontibus
854 1985 871 2024 a
894 1965 1019 2044 Vegetio
1046 1986 1141 2043 paene
1168 1966 1203 2025 ad

195 2056 318 2116 verbum
337 2057 490 2132 exscriptis
514 2055 552 2115 ad
570 2054 684 2115 codices
702 2055 811 2132 Vegeti
834 2054 1031 2115 aestimandos
1049 2056 1203 2116 redundet:

195 2164 266 2205 nam
288 2147 512 2221 repraesentant
534 2142 618 2205 nobis
641 2143 820 2222 Pelagonius
848 2147 878 2203 61
901 2142 1011 2203 Chiron
1035 2147 1152 2204 textum
1173 2149 1204 2203 ut

191 2235 236 2294 ita
261 2234 358 2294 dicam
384 2233 494 2311 Vegeti
523 2234 770 2309 antiquissimum.
814 2230 1005 2293 Conferamus
1032 2235 1129 2312 igitur
1158 2251 1204 2293 eos

191 2325 271 2384 locos
301 2323 408 2399 quibus
438 2341 539 2382 omnes
568 2324 659 2382 testes
688 2321 774 2381 nobis
805 2323 916 2381 servati
944 2325 1014 2381 sunt
1043 2324 1063 2380 i.
1089 2326 1204 2399 praeter
1234 2356 1235 2361 κ

194 2412 272 2472 (ibin.
297 2415 328 2473 et
345 2411 458 2490 Pelag.:
482 2412 544 2472 eod.
563 2411 588 2470 L
609 2443 648 2453 —
669 2412 705 2469 ut
726 2413 905 2470 recensionis
925 2412 1030 2488 plenae
1053 2412 1140 2472 testis
1163 2414 1204 2470 in·

195 2504 371 2581 tegerrimus
392 2534 430 2544 -
452 2505 482 2561 et
504 2501 567 2561 cod.
586 2500 610 2559 P
628 2501 730 2560 classis
753 2501 982 2576 epitomatorem
1005 2500 1072 2558 dux.

260 2612 288 2683 1,
309 2609 413 2682 13,1:
437 2608 480 2667 ed
500 2628 556 2683 pra
580 2607 756 2667 claudicabit
782 2607 903 2666 alteruis
924 2607 1051 2681 pedicas
1073 2607 1204 2675 arceas,

192 2697 276 2756 modo
294 2697 447 2770 pruritu
470 2697 554 2755 modo
572 2696 799 2770 postestatum
821 2695 845 2753 F
868 2696 902 2755 61.
920 2696 1004 2755 modo
1027 2695 1063 2755 dc
1079 2696 1204 2769 pecua

190 2785 344 2859 prioribus
370 2784 454 2843 mode
481 2784 517 2843 dc
537 2788 613 2858 post.
637 2784 750 2842 diuerso
776 2784 877 2856 modu·
903 2783 957 2842 LP
980 2784 1158 2844 claudicabit
1173 2804 1204 2860 p.

193 2873 316 2932 dicacis
342 2872 426 2931 modo
443 2876 536 2947 posi.;
558 2870 618 2931 AG
640 2873 674 2931 cl.
702 2872 737 2931 de
759 2874 885 2946 6611166
908 2873 1095 2946 6661166666
1121 2875 1205 2934 mccc

195 2963 257 3020 iam
280 2961 413 3021 66616666

259 3058 357 3134 Pelea.
378 3062 419 3117 14
442 3059 476 3119 cl.
494 3058 578 3121 ruodo
600 3059 636 3118 ae
652 3060 805 3132 prioribus
822 3060 906 3118 mado
929 3060 964 3119 de
980 3061 1206 3134 peccatius,-

198 3146 276 3208 cuir.
301 3150 410 3207 6177
426 3166 460 3222 p.
482 3148 532 3217 55,
557 3150 591 3207 6.·
618 3149 655 3208 61
677 3150 751 3222 ipsis
772 3153 848 3222 poet.
870 3150 1024 3223 partibus·
1050 3149 1143 3223 Hipp.
1162 3151 1205 3210 26

193 3234 347 3315 χωλαίνειν
368 3240 430 3309 τοῖς
452 3235 628 3316 ἔμπροσθεν.

263 3331 354 3393 Vides
378 3333 472 3413 igitur
499 3334 629 3393 codicem
651 3334 675 3392 F
698 3334 793 3393 solum
814 3333 923 3394 habere
945 3334 1068 3411 plenum
1091 3339 1205 3396 textum

195 3423 226 3569 it
246 3440 267 3570 ἓ
289 3421 450 3570 1211686116
480 3422 704 3499 comprobatum
731 3425 761 3481 et
783 3424 877 3500 ipsius
897 3423 1005 3501 Vegeti
1029 3426 1204 3501 repetitione

218 3556 226 3585 ‚
267 3555 275 3585 ‚
316 3557 322 3568 .
