2509 3892
433 149 573 204 Mvcou.
593 149 606 202 1
626 156 667 216 re,
684 156 716 204 13
1043 149 1085 214 27

84 320 199 398 signata,
221 317 340 379 decidat
361 318 394 377 in
416 319 605 394 putredinem
626 337 726 393 versa3
755 338 790 378 ex
812 320 877 379 toto
901 337 1023 395 corpore
1046 317 1085 378 ad

84 409 160 467 illum
186 409 285 468 locum
314 409 421 467 humor
450 407 614 467 attrahitur
647 410 677 467 et
706 427 760 484 per
790 408 898 467 vulnus
928 408 1105 467 emittitur(

84 496 153 556 Hinc
169 498 320 575 potionem
338 497 471 573 superius
485 496 681 576 designatam,
700 515 777 572 quae
795 498 920 557 vocatur
937 495 1085 572 diapente,
1101 498 1121 554 4

85 604 144 644 cnm
164 588 229 646 vino
249 587 344 645 veteri
367 587 481 661 optimo
504 586 709 662 pertriduum
731 587 778 645 vel
802 587 828 645 si
846 604 963 645 necesse
986 587 1086 660 fuerit,

63 693 130 749 sper
154 676 213 735 dies
235 675 380 751 plurimos
403 675 495 734 dabis.
541 674 655 750 Apium
682 693 799 751 quoque
826 674 921 733 viride
944 676 974 735 et
996 674 1085 735 bacas

83 762 161 838 lauri,
173 766 219 825 vel
228 767 255 824 si
267 767 328 823 ista
337 782 397 822 non
405 764 607 832 inveniuntur,
621 765 696 823 folia
709 765 789 822 lauri
802 766 833 823 et
842 782 1026 823 cucumerem
1034 765 1086 823 sil·

84 855 202 913 raticnm
219 873 273 930 per
290 855 391 930 partes
409 852 623 912 minutissimas
643 853 777 912 concides
796 852 964 927 hordeoque
982 855 1084 912 misce·

83 939 131 1016 bis,
152 946 184 1002 ut
205 943 317 1002 animal
335 941 511 1019 languidum
528 945 606 1001 sicut
628 960 664 999 ex
686 944 807 1018 potione
827 942 966 1018 diapente
989 942 1033 1001 ita
1056 945 1087 1000 et

83 1049 113 1088 er
133 1032 195 1091 cibo
217 1032 328 1092 sentiat
354 1031 541 1090 medicinam.
587 1031 667 1090 Huic
693 1035 794 1091 tamen
821 1048 931 1106 aquam
953 1029 1120 1106 tepidam5

51 1136 143 1178 recum
163 1123 259 1180 farina
282 1119 446 1179 hordeacea
470 1121 519 1181 rel
540 1120 661 1179 triticea
683 1120 754 1179 dare
777 1122 807 1178 te
830 1119 978 1194 convenit,
1001 1123 1032 1178 et
1053 1121 1087 1178 in

83 1208 140 1267 loco
169 1210 268 1288 tepido
303 1209 466 1283 stabulare,
496 1228 567 1268 nam
601 1211 696 1287 frigus
726 1210 858 1268 humoris
893 1210 1086 1287 angmentum

84 1300 123 1355 est
149 1292 190 1378 [et
210 1292 397 1377 rheumatis}
445 1297 550 1358 (libum
580 1317 698 1375 quoque
727 1300 824 1376 magis
854 1300 964 1358 siccum
994 1317 1086 1374 quam

84 1386 196 1447 viridem
216 1391 248 1447 in
270 1387 325 1446 hac
352 1389 490 1465 passione
518 1388 605 1447 debet
632 1388 765 1463 accipere
790 1388 820 1446 et
847 1389 976 1446 exerceri
998 1387 1083 1447 vehe-

84 1478 193 1551 menter,
213 1480 248 1537 nt
270 1477 378 1537 sudore
400 1476 526 1536 siccetur
547 1478 655 1536 humor
677 1478 811 1536 infestus.

51 1707 73 1747 n
302 1684 406 1750 XIII.
430 1684 517 1750 Oura
539 1686 640 1750 morbi
662 1684 851 1749 articulares.

139 1813 313 1876 articularis
331 1815 450 1874 morbus
472 1816 518 1874 his
542 1816 711 1874 declaratur
733 1814 859 1874 indiciis.
898 1811 1085 1873 claudicabit

84 1901 157 1962 modo
179 1903 214 1963 de
236 1904 385 1981 prioribus
408 1904 533 1981 pedibus
555 1904 644 1964 modo
668 1904 704 1963 de
728 1903 942 1978 posterioribus
967 1903 1084 1962 diverso

84 1990 166 2066 modo,
189 1998 219 2053 et
241 1994 329 2070 quasi
346 1995 447 2053 tumor
469 1994 614 2052 eidemin
634 1993 769 2052 articulis
792 1995 871 2052 circa
890 2011 1012 2052 coronas
1035 1994 1084 2051 vel

83 2083 149 2139 certe
182 2083 213 2142 in
248 2082 372 2160 genibus
404 2082 575 2158 apparebit,
610 2085 770 2158 propterea
802 2081 881 2159 quod
913 2082 1084 2159 pestilentia

144 2240 174 2288 16
191 2235 249 2289 Pel.
266 2251 288 2289 c.
306 2239 338 2288 14
358 2233 392 2288 of.
408 2233 481 2289 Ohir.
497 2251 519 2287 c.
536 2238 595 2288 177.

142 2400 156 2448 1
173 2395 276 2450 recidit
294 2397 322 2450 P
344 2394 457 2449 decidat
476 2395 514 2448 M
529 2394 560 2448 in
582 2412 609 2463 p.
629 2393 668 2447 sit
695 2410 775 2448 versa
800 2394 840 2447 ed.
860 2409 901 2460 pr.
921 2393 985 2447 AF
1014 2392 1018 2463 l
1050 2409 1084 2446 ex

81 2462 156 2520 SPF
170 2469 198 2521 et
216 2468 243 2522 L
262 2468 292 2521 et
310 2482 328 2519 a
345 2466 427 2520 Aeol.
438 2483 483 2534 pr.
516 2467 525 2534 ΙΙ
558 2465 723 2519 atrahatur
744 2472 770 2519 et
792 2462 932 2518 emittitur
953 2464 994 2517 ed.
1010 2480 1056 2531 pr.
1075 2463 1085 2531 Η

82 2538 95 2585 3
106 2534 164 2591 huic
173 2538 195 2593 S
203 2540 231 2594 V
242 2540 246 2607 Ι
262 2536 406 2606 potionem
415 2536 549 2606 diapente
559 2555 579 2590 e.
591 2537 617 2591 d.
628 2536 669 2590 cd.
676 2554 721 2604 pr.
729 2536 793 2590 AF
802 2538 812 2605 ΙΙ
826 2534 1004 2588 Anccessitas
1015 2534 1087 2589 AF

81 2606 263 2733 (13.·est)PSn.
278 2608 374 2678 fuerit)
388 2609 461 2732 adp
479 2651 484 2662 .
500 2610 536 2678 (n.
552 2608 615 2677 erit)
628 2610 638 2677 ΙΙ
653 2613 668 2662 5
686 2609 717 2689 at
730 2623 781 2676 per
794 2605 1025 2689 plurimostdabins
1040 2605 1082 2678 Pl

80 2679 184 2734 undem
197 2698 229 2734 vc
251 2681 294 2749 Sl!
308 2686 324 2734 6
338 2697 395 2734 non
404 2686 429 2734 et
454 2679 515 2733 anri
528 2697 579 2734 om.
589 2680 617 2734 L
630 2679 675 2734 vel
684 2681 757 2732 retae
770 2694 814 2733 res
829 2696 853 2731 er
862 2695 918 2732 non
928 2694 1084 2732 1nvcmren·

80 2749 195 2806 turlauri
204 2754 234 2807 et
244 2769 267 2805 c.
280 2751 403 2806 aduatici
414 2750 484 2805 folia
493 2752 533 2806 cd.
540 2769 585 2821 pr.
596 2752 623 2805 A
633 2756 659 2805 et
668 2750 699 2804 F
705 2752 739 2818 (c.
750 2749 853 2803 asinini
860 2751 895 2815 cf.
904 2752 974 2817 116,
984 2754 1019 2819 5).
1039 2749 1085 2804 vel

81 2817 140 2876 lolia
151 2823 175 2876 si
195 2840 252 2877 non
270 2822 288 2877 i.
304 2823 391 2877 bacae
410 2825 439 2876 et
458 2839 480 2877 c.
498 2822 658 2876 silvaticum
675 2821 800 2875 radicem
819 2823 897 2890 Pus
915 2821 992 2892 lang.
1011 2828 1037 2877 et
1055 2824 1084 2877 et

82 2906 123 2945 om.
136 2895 173 2948 ed.
183 2912 229 2964 pr.
245 2895 308 2949 AF
320 2897 347 2963 (a
361 2896 439 2963 pot).
463 2894 492 2947 et
511 2893 628 2947 animali
646 2893 665 2947 l.
684 2910 735 2962 pro
759 2893 822 2947 cibo
841 2892 923 2947 dabis
942 2893 1016 2947 sicut
1034 2911 1084 2962 po·

81 2961 173 3019 tionem
191 2965 217 3019 d.
237 2982 288 3035 pro
307 2967 377 3034 potu
390 2966 418 3019 P
441 2967 470 3019 et
489 2964 607 3018 animali
624 2964 643 3018 l.
662 2983 689 3033 p.
706 2981 728 3017 c.
744 2964 770 3018 d.
790 2966 824 3018 nt
842 2964 948 3019 animal
966 2967 1018 3019 cto.
1033 2966 1065 3020 F
1075 2965 1084 3035 ll

83 3036 95 3084 9
110 3033 169 3090 hinc
182 3038 210 3092 A
226 3037 230 3108 Ι
247 3038 276 3091 et
290 3053 315 3090 a.
329 3036 373 3105 Sl!
387 3041 420 3092 10
440 3035 561 3090 farinam
575 3038 627 3090 etc.
643 3035 683 3106 Sl
700 3035 778 3089 ordei
795 3034 840 3090 vel
856 3034 945 3090 tritici
959 3037 986 3090 A
1005 3035 1084 3112 ordei

83 3107 247 3162 mmmixtam
265 3108 309 3162 vel
327 3107 417 3163 tritici
431 3108 478 3179 Fl
494 3108 524 3161 in
542 3125 592 3162 om.
609 3108 636 3161 L
654 3106 700 3160 fac
718 3106 812 3176 ipsum
830 3107 949 3161 starcia
966 3107 985 3161 1.
1000 3109 1021 3161 t.
1036 3107 1085 3178 Pl]

86 3180 110 3229 11
126 3194 187 3233 nam
204 3178 237 3232 fr,
255 3179 402 3234 humorem
419 3181 505 3249 auget
523 3179 623 3249 Ρ1117
644 3179 673 3232 et
690 3196 712 3231 r.
732 3194 781 3232 om.
797 3178 885 3233 SLF
902 3180 912 3247 ΙΙ
933 3183 966 3232 13
985 3178 1014 3232 et
1031 3195 1082 3232 om.

87 3245 133 3303 bA
144 3249 202 3304 reb.
217 3250 332 3305 debebit
347 3251 373 3304 L
392 3254 490 3319 (capra
509 3251 570 3318 lia.)
584 3251 594 3319 fl
610 3255 643 3303 14
662 3249 692 3302 in
709 3266 729 3302 s.
745 3250 772 3304 A
790 3249 821 3303 in
835 3266 855 3302 s.
870 3251 903 3302 ut
921 3249 1042 3303 siccetur
1055 3249 1086 3303 F

144 3326 173 3375 16
192 3321 280 3392 signis
299 3322 363 3376 AF
378 3323 418 3376 ed.
430 3339 474 3390 pr.
502 3323 512 3391 ΙΙ
540 3325 572 3374 17
591 3339 618 3390 p.
635 3319 751 3374 diversis
774 3320 857 3374 modo
881 3323 952 3390 post.
972 3321 1032 3375 LP
1049 3320 1083 3373 de

87 3403 107 3453 p.
119 3407 154 3458 pr.
176 3392 284 3448 diverm
307 3393 390 3447 modo
409 3395 436 3448 A
460 3392 575 3447 alternis
595 3411 621 3461 p.
642 3392 725 3445 modo
748 3409 789 3460 pr.
814 3390 897 3444 modo
920 3408 965 3459 po.
984 3389 1025 3445 ed.
1036 3408 1082 3458 pr.

87 3459 147 3599 tlt-'p
162 3463 243 3588 ΜΕΝ
258 3470 291 3519 18
310 3467 419 3518 tumore
437 3464 513 3518 idem
532 3465 558 3518 L
577 3461 792 3534 [tumorejidem
805 3461 838 3532 S]
857 3464 867 3529 ΙΙ
886 3465 918 3514 19
938 3463 1012 3513 carte
1031 3476 1081 3513 om.

136 3550 205 3603 genu
223 3553 256 3590 us
274 3537 303 3590 A
