2509 3892
435 174 576 229 MVLOM.
595 176 620 227 11
641 181 767 241 roaros
1048 177 1111 240 199

92 346 254 422 Aliquanti
285 347 528 420 praecantaticne
560 347 680 404 tentant
715 345 821 405 afferre
852 345 997 421 remedia;
1033 365 1111 421 quae

93 437 213 495 vanitas
237 434 275 493 ab
294 434 421 493 aniculis
440 434 511 493 solis
530 434 684 511 diligenda
702 437 755 506 est,
779 452 847 493 cum
866 431 1010 495 animalia
1032 437 1111 495 sicut

91 525 229 583 homines
252 543 310 583 non
335 524 474 582 inanibus
497 523 608 597 verbis,
633 524 684 581 sed
708 527 789 581 certa
812 524 950 582 medendi
973 529 1038 583 arte
1061 543 1109 583 cu-

91 617 204 672 rentlir.

67 760 78 796 ι
215 757 219 764 ·
327 730 418 796 clx.
444 731 493 795 De
510 733 660 813 passione
676 732 871 812 pulmonum.

1070 854 1168 895 mese
1183 868 1216 895 sn.

157 862 319 922 Pulmones
332 865 367 920 ut
379 861 490 938 integri
508 864 665 936 praestant
677 861 877 920 substantiam
891 862 981 933 vitae,
995 862 1040 919 ita
1072 909 1092 947 v
1099 867 1201 948 443ch·

91 953 194 1011 vitiati
207 951 374 1028 periculum
390 950 519 1008 afferunt
536 952 651 1009 mortis.
687 948 820 1019 Quorum
838 950 924 1010 dolor
941 951 1036 1008 mani-

92 1042 178 1100 festis
209 1040 379 1100 declaratur
406 1039 538 1098 indiciis:
569 1042 676 1098 stertet
705 1042 735 1098 ct
757 1041 865 1098 tussiet
887 1039 1031 1117 graviter,
1062 1058 1109 1097 ex·

92 1130 207 1189 creabit
230 1131 322 1189 etiam
339 1129 541 1205 purulentum.
584 1129 616 1187 Si
636 1129 792 1206 aegritudo
810 1129 928 1207 longior
950 1130 1049 1202 fuerit
1073 1129 1110 1187 de

55 1241 78 1278 ιο
91 1219 242 1295 prioribus
275 1218 456 1277 claudicabit
486 1217 624 1293 pedibus,
657 1237 779 1295 gravem
811 1219 955 1276 foetorem
987 1218 1109 1277 naribus

92 1308 235 1384 expellet,
265 1306 387 1365 difficile
417 1326 448 1366 se
478 1307 617 1382 collocat,
649 1307 700 1366 sed
729 1307 858 1366 febriens
880 1309 1036 1382 praesepio
1063 1309 1109 1364 in-

90 1397 218 1470 cumbit,
254 1399 427 1471 corruptum
464 1395 662 1456 assellabitur.
710 1395 881 1471 Aliquando
917 1397 949 1454 in
986 1398 1143 1472 corporei

89 1487 184 1561 ipsius
218 1486 329 1545 similia
364 1485 532 1545 furunculis
567 1485 724 1544 tubercula
754 1489 925 1544 nascuntur.
976 1482 1108 1553 Quorum

89 1575 248 1653 aegritudo
277 1573 422 1647 difficilis,
454 1574 505 1633 sed
536 1575 592 1633 hac
624 1576 747 1650 potione
779 1574 911 1633 curanda
942 1579 999 1633 est:
1031 1576 1108 1634 turis

51 1687 75 1725 ra
88 1665 217 1724 masculi
234 1682 299 1722 unc.
319 1663 334 1721 I
358 1657 495 1742 [hyssopi
512 1681 578 1723 unc.
597 1663 637 1737 Π,
660 1663 727 1721 folii
745 1682 811 1722 unc.
830 1657 859 1742 I]
883 1683 1011 1722 mannae
1030 1665 1108 1722 croci

88 1773 154 1813 unc.
174 1753 199 1826 Ι,
222 1771 341 1811 murrae
360 1772 426 1812 unc.
445 1752 476 1810 Π
495 1753 655 1831 diligenter
672 1753 774 1811 tundis
793 1755 824 1811 ct
846 1753 966 1825 cribras,
991 1773 1024 1812 ex
1048 1773 1106 1830 quc

86 1843 211 1918 pulvere
235 1861 328 1900 unum
357 1843 473 1900 coclear
500 1860 567 1901 cum
589 1842 686 1901 tribus
717 1843 835 1901 001001
862 1861 972 1917 aquam
994 1846 1108 1918 tempe·
1155 1849 1157 1852 ’

86 1932 168 1991 rabis
192 1935 224 1990 et
242 1931 381 1990 defundis
400 1950 454 2007 per
472 1950 513 1991 os.
551 1930 584 1989 Si
603 1930 703 1989 cibum
721 1950 782 1990 non
800 1933 925 2007 appetit,
948 1951 1003 2007 pro
1027 1950 1107 2007 aqua

87 2021 135 2079 lac
158 2022 315 2096 caprinum
342 2020 479 2079 miscebis
510 2023 540 2078 et
570 2020 673 2078 addito
703 2021 801 2080 mellis
831 2021 976 2079 cocleario
1005 2022 1106 2096 propi·

47 2133 73 2170 ac
86 2110 183 2170 nabis.
226 2108 336 2169 Susum
355 2128 475 2184 quoque
493 2111 631 2184 ptisanae
650 2129 718 2168 cum
740 2110 806 2168 cleo
826 2128 912 2168 roseo
936 2112 966 2167 et
984 2110 1106 2184 pulvere
1122 2111 1140 2166 3

86 2201 224 2274 superius
255 2199 466 2274 comprehenso
496 2199 544 2257 vel
574 2200 639 2257 ovis
674 2217 728 2273 per
757 2217 789 2257 os
821 2198 906 2257 dabis
936 2198 975 2256 ad
1005 2216 1105 2257 cornu.

159 2356 175 2402 6
195 2347 268 2403 Chir.
285 2367 307 2403 c.
324 2356 384 2403 668.
459 2356 491 2402 12
512 2347 584 2402 Chir.
600 2367 623 2403 c.
640 2355 699 2402 366.

161 2500 174 2544 1
196 2491 337 2559 aliquanti
356 2498 381 2546 ei
399 2510 423 2561 q.
437 2510 458 2546 s.
473 2509 524 2547 om.
540 2495 568 2547 P
590 2496 593 2560 1
617 2491 878 2560 praecantationem
896 2494 916 2545 t.
937 2507 962 2545 a.
982 2491 1105 2543 mediam

85 2564 113 2617 L
126 2566 167 2631 112
187 2563 295 2616 sanitas
309 2565 336 2617 A
353 2564 357 2633 Ι
374 2563 441 2616 solis
461 2564 617 2617 dinoscitur
632 2565 659 2616 A
679 2566 688 2630 11
710 2568 725 2615 3
745 2580 800 2616 non
819 2561 912 2615 minus
930 2562 948 2614 i.
964 2563 991 2615 A
1007 2564 1011 2628 Ι
1028 2565 1104 2616 certa

84 2633 238 2703 diligentia
256 2653 293 2688 m.
309 2651 333 2689 n.
349 2652 371 2688 c.
386 2636 414 2689 A

159 2711 174 2757 5
213 2704 336 2759 ulmonis
355 2708 394 2761 ed.
405 2724 450 2774 pr.
465 2708 492 2759 A
506 2710 515 2773 ΙΙ
530 2712 545 2759 6
563 2705 696 2776 pulmone
710 2707 750 2760 ed.
761 2723 806 2774 pr.
823 2709 827 2774 1
844 2724 870 2775 p.
886 2706 960 2758 sicut
974 2708 1039 2758 sunt
1053 2705 1102 2759 int.

83 2779 110 2830 A
128 2779 133 2845 Ι
151 2723 379 2847 00100310οΡ11
394 2784 408 2831 7
423 2776 573 2831 manifeste
584 2777 609 2830 d.
621 2795 672 2846 per
681 2781 799 2846 apperte
809 2777 891 2847 sigua
900 2779 928 2831 A
941 2779 950 2845 ll
964 2783 980 2829 8
996 2779 1103 2835 stertet,

83 2847 189 2901 tussiat
207 2866 248 2918 gr.
263 2851 293 2902 et
311 2864 352 2902 ex.
371 2866 431 2918 pur.
448 2851 487 2903 ed.
498 2865 542 2917 pr.
558 2850 586 2903 A
611 2851 615 2917 Ι
641 2866 713 2903 exer.
729 2865 752 2903 e.
767 2867 827 2918 pur.
843 2865 893 2902 om.
909 2850 937 2903 P
952 2851 962 2918 ΙΙ
983 2853 998 2901 9
1018 2847 1103 2918 longa

84 2921 114 2974 P
124 2921 135 2988 ΙΙ
150 2925 183 2973 11
203 2919 326 2987 expellet
344 2920 371 2973 L
389 2920 426 2973 -it
443 2922 483 2974 ed.
495 2937 539 2988 pr.
556 2922 584 2974 A
604 2920 711 2974 emittit
730 2922 775 2987 Pl
792 2920 885 2974 sed—
897 2925 930 2972 13
949 2923 1103 2974 nascuntur

84 3007 137 3046 om.
152 2992 182 3046 P
193 2993 202 3058 ΙΙ
218 2996 249 3043 12
269 2990 416 3045 assellabit
434 2993 474 3046 ed.
485 3009 530 3060 pr.
546 2993 574 3045 A
590 2995 594 3060 Ι
611 2992 735 3061 corporis
752 2993 778 3046 L
792 2996 802 3060 ΙΙ
817 2998 849 3044 13
869 3007 942 3060 quae
961 3007 1022 3060 aeg.
1042 2990 1102 3044 diff.

83 3062 141 3115 bac
154 3079 182 3131 p.
198 3066 312 3116 curatur
325 3064 373 3130 ΡΙΙ
389 3067 421 3115 15
435 3081 498 3116 unc.
513 3063 526 3115 I
540 3064 567 3117 L
581 3079 644 3117 unc.
659 3064 699 3116 ΙΙΙ
716 3064 756 3117 eol.
768 3080 813 3131 pr.
829 3067 855 3117 A
871 3066 889 3116 t.
904 3081 941 3115 m.
956 3062 1031 3131 hyse.
1047 3079 1102 3115 ana

83 3150 149 3187 unc.
163 3132 190 3185 II
204 3135 232 3188 P
243 3134 337 3202 pondo
351 3132 377 3185 Π
392 3134 464 3189 thr.
482 3137 486 3204 Ι
501 3133 562 3202 hys.
579 3134 628 3187 fol.
643 3151 693 3188 om.
710 3135 736 3187 L
752 3135 824 3190 coir.
839 3134 887 3188 fol.
901 3166 932 3173 -
944 3140 976 3186 16
991 3150 1102 3188 murrae

84 3222 137 3260 om.
152 3206 179 3257 A
197 3203 280 3272 110111
297 3220 418 3274 magnae
437 3222 473 3259 cr.
490 3221 545 3259 ana
563 3222 625 3259 unc.
641 3205 654 3256 l
673 3207 700 3260 P
718 3208 727 3273 ΙΙ
749 3211 782 3259 16
801 3222 912 3261 murrae
930 3221 992 3258 unc.
1008 3205 1033 3256 Il
1051 3204 1101 3273 hy-

83 3276 557 3416 tlbflblttllul‘oe
567 3279 723 3416 rats
733 3292 757 3417 l
770 3278 959 3416 lebild*
976 3275 1102 3415 Alite

84 3424 119 3472 23
139 3419 217 3488 potio
236 3437 285 3473 om.
302 3420 330 3473 P
340 3422 350 3489 ΙΙ
363 3424 398 3471 20
416 3434 530 3473 rosaceo
543 3420 585 3474 ed.
595 3437 641 3487 pr.
658 3423 685 3474 A
701 3420 705 3489 l
721 3419 864 3487 pulverem
878 3435 899 3472 s.
920 3418 1101 3486 comprehen-

83 3507 148 3543 sum
166 3491 205 3544 ed.
217 3507 261 3615 pir.
276 3491 304 3544 A
326 3493 336 3559 ΙΙ
359 3496 391 3544 21
412 3491 456 3545 vel
474 3490 533 3544 ovis
552 3491 613 3544 LA
633 3508 696 3543 cum
716 3507 740 3543 0.
756 3492 795 3544 ed.
807 3508 850 3559 pr.
874 3491 877 3557 l
903 3488 1027 3541 dandum
1047 3490 1074 3543 A
1096 3491 1099 3560 l

82 3577 201 3615 cornum
