2509 3892
424 189 564 244 MVLOM.
583 190 597 242 l
614 195 658 256 34,
674 196 707 242 35
1029 186 1072 252 59

79 360 121 418 rel
139 364 216 419 rutae
244 361 390 436 quantum
421 358 545 432 sufficit,
575 362 652 417 teres
680 360 710 416 et
737 359 907 418 commisces
935 360 965 416 et
992 358 1072 432 tepe-

78 450 148 508 facto
168 453 253 525 utere,
275 452 321 508 ita
339 451 374 507 ut
392 448 557 509 diutissime
577 449 720 506 confrioes
740 449 844 506 contra
861 447 965 522 pilum,
988 449 1019 505 et
1040 448 1074 505 in

77 538 133 598 loco
160 540 255 615 tepido
281 540 406 597 unctum
433 538 545 595 animal
573 538 804 612 coopertumque
834 538 954 595 statues.
996 534 1106 594 ltemd

75 630 147 701 potio
174 629 233 686 alia
262 629 289 686 si
317 627 414 685 hieme
444 626 592 685 febrierit:
624 627 783 702 gentianae
813 643 879 682 unc.
902 624 931 697 Ι,
966 626 1072 684 aristo·

53 716 183 791 slochiae,
203 718 335 793 hyssopi,
359 715 510 788 absinthii„
533 715 672 774 abrotoni
694 733 753 773 ana
777 713 886 788 unul,
910 712 1073 771 caricarum

73 823 129 863 uno.
146 806 194 880 Vl,
217 805 337 864 seminis
360 803 422 880 apii
440 822 504 862 unc.
523 803 583 876 1113
604 807 692 861 rutae
710 803 886 862 fasciculum
908 802 1019 860 bonum
1041 802 1073 860 in

73 895 183 954 caccabo
201 913 268 953 cum
291 913 371 969 aqua
393 893 537 968 decoques
556 891 595 952 ad
612 892 742 965 tertiam,
766 894 796 951 et
819 910 885 951 cum
908 890 1073 967 nigrescere

73 983 176 1058 videris,
198 987 316 1043 coctum
338 984 391 1041 est.
432 981 547 1041 Exinde
569 1000 661 1040 unam
687 980 837 1039 heminam
859 980 982 1040 misceto
1006 997 1073 1038 cum

73 1073 266 1149 suprascriptis
290 1075 320 1131 et
343 1091 396 1147 per
419 1089 510 1130 cornu
533 1070 669 1129 faucibus
691 1069 849 1130 infundito.

43 1321 63 1359 u
142 1299 285 1364 XXXV.
309 1296 347 1363 Si
370 1297 409 1361 ab
431 1296 634 1379 iudicatione
656 1295 702 1359 cel
719 1295 845 1377 pletura
865 1296 987 1376 febriof.

127 1428 158 1488 Si
180 1428 260 1506 quod
287 1428 453 1487 iumentum
481 1426 518 1485 ab
545 1425 743 1504 indigestione
771 1425 818 1483 vel
840 1425 960 1500 pletura
981 1424 1070 1483 febri·
1084 1437 1110 1477 11
1124 1439 1135 1478 r
1150 1437 1218 1478 scen.

73 1516 203 1593 durarit,
221 1517 343 1576 naribus
362 1516 501 1593 spiritum
520 1514 608 1574 ducet
625 1517 656 1573 et
674 1513 728 1573 ilia
745 1515 916 1589 frequenter
935 1514 1072 1592 agitabit,

73 1607 266 1684 anhelitusque
289 1606 346 1665 erit
363 1606 481 1664 fervens
501 1607 531 1663 et
553 1603 660 1679 olidus,
683 1604 802 1679 spinam
819 1603 937 1662 facilius
960 1603 1072 1662 fiectetz

72 1713 131 1754 uam
162 1698 213 1773 qui
243 1715 279 1754 ex
307 1694 498 1770 perfrictione
529 1693 620 1752 febrit
654 1692 768 1770 rigidus
798 1694 857 1766 est,
892 1693 962 1768 quia
992 1692 1073 1751 calor

44 1785 189 1845 umembra
211 1785 362 1859 dissolvit,
385 1783 480 1860 frigus
504 1782 652 1859 astringit.
699 1782 744 1839 Ex
772 1781 891 1857 pletura
913 1782 1008 1859 igitur
1030 1783 1072 1840 fe·

72 1871 168 1933 brienti
190 1875 325 1950 copiosus
349 1872 469 1950 sanguis
493 1871 642 1930 emittitur
664 1870 701 1928 de
724 1869 849 1945 cervice,
877 1889 963 1930 nares
987 1873 1071 1930 aceto

73 1963 265 2036 perfricantnr,
279 1965 314 2021 ut
327 1964 475 2021 sternutet
488 1960 615 2037 saepius.
656 1959 769 2018 Venter
784 1979 902 2036 quoque
916 1960 1070 2019 febrientis
1087 1963 1106 2019 2

74 2049 95 2106 si
109 2051 202 2112 durior
219 2052 319 2126 fuerit,
337 2071 392 2128 per
410 2069 500 2109 anum
517 2051 628 2108 iniecta
647 2069 738 2108 manu
756 2051 870 2108 stercus
889 2050 1071 2125 extrahatur,

74 2141 165 2201 scibo
184 2140 344 2214 abstineat,
367 2140 576 2215 parcissimum
598 2140 704 2214 potum
727 2157 780 2214 per
798 2139 957 2198 intervalla
979 2139 1072 2197 susci·

44 2228 333 2303 nocturnorum
355 2228 556 2304 suprascripto
580 2227 775 2287 medicamine
799 2227 910 2302 diuque
933 2226 1072 2286 fricatum

133 2422 147 2468 3
163 2417 220 2473 Pel
236 2434 260 2471 c.
274 2423 317 2470 41.
391 2421 423 2470 11
444 2414 517 2469 chit.
533 2433 555 2468 c.
572 2421 632 2469 143.
706 2419 738 2466 17
758 2412 831 2467 chir.
849 2431 872 2467 c.
889 2418 939 2465 133
959 2412 993 2466 cf.
1011 2418 1069 2467 136.

75 2524 272 2538 Q—

133 2598 188 2649 iet
201 2614 222 2649 r.
239 2596 296 2678 Pel.
328 2597 332 2663 Ι
362 2612 388 2663 q.
403 2594 518 2662 expedit
531 2611 551 2647 s.
568 2594 598 2664 [i.
614 2592 731 2664 sufficit]
746 2593 785 2648 ed.
797 2591 884 2661 pati
898 2588 1069 2678 quantum's.

74 2717 106 2770 sic
117 2718 144 2772 F
160 2721 170 2787 l
192 2726 208 2773 3
221 2682 340 2774 {letum
354 2720 382 2773 A
395 2718 519 2772 vinctum
532 2719 563 2772 P
585 2719 589 2785 Ι
614 2717 768 2771 constitues
783 2719 811 2773 P
828 2718 832 2785 Ι
852 2717 922 2771 item
934 2734 962 2786 p.
978 2732 1003 2770 a.
1018 2733 1070 2771 oca

74 2788 152 2844 AFP
162 2793 171 2860 ΙΙ
185 2797 201 2844 4
215 2791 246 2846 in
260 2791 286 2843 h.
302 2791 327 2846 P
344 2791 349 2859 l
365 2789 488 2844 febriunt
502 2792 530 2845 P
541 2791 550 2858 ΙΙ
564 2795 580 2842 1
595 2789 662 2859 ana]
677 2788 851 2859 singulorum
865 2789 905 2843 cd.
916 2805 971 2857 pa,
991 2788 1071 2844 Pelo-

74 2862 251 2925 poeiinumcri
259 2863 413 2929 differwutn
428 2866 443 2913 6
454 2861 568 2915 seminia
577 2877 627 2914 om.
635 2862 663 2915 P
676 2862 681 2929 1
696 2859 846 2914 fasciolum
855 2861 894 2914 ed.
900 2877 943 2929 pr.
951 2861 977 2913 A
987 2858 1070 2914 fasci-

74 2928 186 3002 clumPl
201 2931 378 2998 bonumPf.‚
388 2932 482 2986 omnia
489 2934 559 3002 culp.
574 2934 584 3001 ΙΙ
599 2936 714 2999 iusque
723 2932 796 2986 adP
807 2934 816 3000 l
830 2930 1070 2986 8videbisdecoc·

74 3001 156 3059 tumP
169 3006 173 3073 Ι
188 3021 275 3058 unam
284 3006 312 3059 P
322 3003 381 3057 vini
394 3005 466 3074 culp.
483 3005 487 3073 Ι
505 3020 568 3057 curn
582 3020 603 3056 s.
619 3002 731 3072 scriptis
741 3004 769 3057 P
779 3004 836 3057 Pel.
850 3005 883 3057 ut
898 3020 918 3057 s.
934 3003 1071 3071 scriptum

75 3075 142 3130 0011Ὶ
147 3076 219 3130 sicut
228 3092 249 3129 e.
260 3093 281 3129 e.
292 3078 336 3130 eet
344 3076 384 3129 ed.
391 3094 435 3145 pr.
446 3091 508 3128 cum
519 3092 539 3129 s.
549 3092 570 3128 s.
580 3076 624 3128 est
634 3076 662 3129 A
675 3076 684 3143 ΙΙ
698 3079 714 3127 9
724 3073 855 3128 infundes
869 3076 898 3129 A
908 3090 951 3128 -as
963 3075 990 3129 G
998 3074 1035 3128 -is
1045 3075 1073 3128 P

132 3152 162 3200 12
181 3147 260 3201 ducit
274 3149 303 3202 A
334 3149 344 3216 l
376 3152 409 3201 13
429 3163 482 3215 que
501 3164 551 3202 om.
567 3145 632 3200 AF
657 3149 662 3214 Ι
691 3144 822 3213 frequens
840 3146 868 3199 A
897 3147 902 3215 Ι
931 3144 1024 3199 olidus
1042 3147 1070 3200 A

77 3213 134 3271 uc.
152 3219 246 3273 aridus
263 3219 335 3289 culp.
365 3219 370 3286 Ι
403 3217 492 3272 flectit
509 3219 538 3272 A
555 3216 646 3271 flectis
665 3218 693 3271 P
709 3216 790 3286 spina
808 3215 921 3270 facilius
939 3216 1070 3284 frequens

76 3282 148 3342 flectit
164 3291 194 3344 P
204 3293 213 3359 l
229 3294 262 3344 14
280 3308 307 3343 n.
322 3289 352 3344 et
369 3288 418 3359 qui
436 3292 464 3344 A
480 3290 484 3359 Ι
500 3287 697 3358 perstrictione
715 3290 743 3343 A
756 3289 796 3342 ed.
806 3305 852 3356 pr.
871 3287 1070 3357 perfricatione

78 3355 140 3428 FP}
155 3361 227 3415 calet
244 3363 273 3416 P
284 3364 293 3431 l
308 3365 341 3414 15
360 3360 488 3430 plectura
505 3362 534 3415 A
556 3362 566 3428 fl
590 3365 622 3414 18
641 3375 692 3428 per
710 3375 734 3414 a.
749 3376 800 3414 om.
816 3360 861 3427 ΡΙ
878 3361 912 3412 et.
927 3358 1071 3428 egreditur

79 3429 283 3487 substinebitur
292 3433 320 3487 P
330 3434 340 3502 ll
355 3438 388 3486 19
402 3431 605 3500 paucissimum
618 3431 659 3485 ed.
666 3448 711 3500 pr.
726 3446 806 3499 parv·
822 3431 898 3485 codd.
913 3433 922 3490 11
936 3435 970 3482 20
984 3429 1070 3481 uncto

81 3499 204 3557 deuotus
218 3504 246 3557 P
257 3505 306 3572 qui
324 3503 353 3557 et
371 3520 421 3557 om.
443 3505 447 3571 1
469 3503 618 3571 suprascr]
638 3500 781 3554 stomacho
798 3499 829 3553 F
843 3496 886 3553 sto
902 3500 948 3565 ΡΙ
968 3497 1070 3549 fricato

81 3570 221 3628 Africatur
239 3576 267 3629 P
283 3574 453 3628 confricatur
473 3575 510 3627 M
