2509 3892
173 162 289 217 xxxvi
564 160 606 215 De
625 159 794 214 auctoribus.

237 329 282 388 De
304 329 393 388 tertio
422 329 518 398 fonte,
546 327 700 388 Chirone
727 331 757 387 et
779 328 951 404 Apsyrto‚
977 327 1122 405 Vegetius
1146 331 1196 389 sic

169 419 285 479 iudicat
307 410 413 499 (praef.
437 415 456 493 ἓ
481 409 529 498 3):
558 418 726 493 dilipueius
755 421 859 476 eunuc
880 419 982 476 rimati
1010 419 1197 492 eloquentiae

171 510 274 582 inepto
296 525 331 567 ec
351 508 493 566 semente
514 509 609 580 ipsius
632 507 742 566 ιιῗίιίαίι
763 506 947 578 seduense
964 511 1121 580 praetem
1141 510 1197 566 in·

171 598 282 671 stipulo
304 599 331 656 et
352 598 475 669 coefum
505 599 574 654 suet
602 598 710 654 comte
757 594 822 653 Hoc
848 594 943 672 igitur
971 596 1051 654 vult:
1081 596 1196 655 melius

173 684 328 761 disponere
350 685 505 743 materiem
528 683 654 743 abistis
680 684 835 743 collectam
863 684 1105 761 elegantioreque
1128 702 1197 744 ser-

173 792 260 834 mone
287 776 423 832 tractare.
465 771 626 832 Videamus
654 774 708 848 qui
734 774 796 832 sint
822 772 873 832 isti
897 775 1040 832 auctores.
1086 773 1196 849 Atque

170 862 370 940 Apsyrtum
395 860 515 937 quidem
544 861 652 921 scimus
682 862 833 938 scripsisse
860 859 1048 941 ίππιατριιιὸν
1070 862 1195 940 βιβλίον

171 949 223 1011 καί
253 949 382 1028 φυσικὸν
408 948 475 1029 περὶ
501 957 560 1009 τῶν
588 947 687 1009 αὐτῶν
714 947 829 1029 ἀλόγων
858 948 954 1030 (Suid.
973 968 995 1009 s.
1015 970 1042 1009 v.
1062 950 1098 1009 cf.
1119 951 1195 1010 Ihm

171 1040 273 1119 Pelag.
291 1061 321 1117 p.
337 1041 364 1098 6.
383 1039 458 1100 Mus.
472 1038 564 1098 Rhen.
580 1040 632 1113 47,
647 1030 828 1121 312ssq.).¹)
870 1038 899 1098 Is
917 1038 994 1097 liber
1010 1038 1193 1099 fundamen·

171 1133 237 1189 tum
260 1131 324 1189 erat
347 1128 528 1187 collectionis
555 1127 813 1204 Hippiatn'corum
839 1127 952 1187 incerto
977 1130 1112 1204 tempore
1137 1121 1192 1208 (cf.

173 1218 258 1278 ouer.
280 1217 355 1276 Mus.
374 1216 466 1276 Rhen.
486 1217 527 1275 45
548 1236 577 1293 p.
597 1208 653 1297 61)
677 1217 782 1275 factae.
824 1215 952 1292 Scripsit
969 1219 1038 1292 post
1060 1236 1086 1274 a.
1108 1217 1193 1276 334:

170 1307 235 1382 ipse
249 1307 329 1365 enim
341 1305 436 1364 tradit
454 1324 517 1365 sese
532 1299 601 1384 [sub
615 1306 685 1382 imp.
701 1303 896 1365 Constantino
911 1299 1007 1383 suut]
1023 1305 1061 1364 ad
1074 1305 1193 1364 Istrum

54 1383 56 1388 ⁵
171 1396 275 1455 contra
302 1394 455 1454 Sarmatas
483 1395 660 1454 militavisse
688 1386 728 1474 (a.
749 1386 947 1475 332—334).
997 1393 1092 1463 Quem
1119 1395 1194 1453 imi·

172 1485 254 1543 tatus
273 1483 353 1542 haud
375 1483 419 1543 ita
436 1484 532 1543 multo
554 1486 623 1559 post
641 1481 819 1561 Pelagouius
837 1474 922 1563 (llum
943 1503 973 1559 p.
994 1475 1100 1563 lisq.)
1126 1485 1193 1560 epi·

176 1573 321 1632 stolarum
339 1572 435 1632 forma
454 1571 492 1630 ad
507 1573 617 1631 amicos
635 1574 793 1648 praecepta
810 1570 847 1630 de
861 1590 932 1630 cura
946 1590 1089 1647 equorum
1107 1590 1193 1631 com-

170 1661 271 1737 posuit
292 1662 337 1719 ita
355 1663 389 1719 ut
406 1659 571 1737 Apsyrtum
588 1662 777 1736 potissimum
798 1663 956 1737 usurparet
978 1653 1020 1742 (lj
1031 1680 1055 1720 c.
1074 1681 1102 1737 p.
1121 1654 1191 1743 16).

172 1749 350 1826 Pelagonius
368 1751 464 1826 igitur
481 1746 653 1809 Graecum
672 1747 808 1809 adhibuit
825 1751 1000 1825 scriptorem
1023 1752 1053 1809 et
1071 1751 1103 1808 in
1127 1767 1193 1810 ser·

171 1857 289 1898 monem
315 1839 444 1898 latinum
471 1839 570 1896 vertit.
616 1836 659 1896 At
686 1836 758 1914 quid
784 1841 950 1897 statuamus
978 1838 1015 1897 de
1038 1837 1192 1917 Vegetio?

172 1926 258 1987 (terte
281 1946 341 1985 non
362 1925 493 2003 potuisse
516 1925 602 1984 illum
624 1926 768 1985 iudicium
789 1927 865 1985 illud
888 1926 924 1986 de
942 1945 1076 1987 sermone
1099 1928 1192 2003 ferre,

171 2015 230 2076 nisi
247 2016 412 2093 Apsyrtum
429 2014 558 2074 habebut
575 2015 691 2074 latine
709 2016 864 2092 scriptum3
889 2015 1001 2075 accedit
1022 2015 1103 2092 quod
1121 2018 1191 2093 ipse

171 2123 202 2164 se
225 2105 261 2165 de
279 2104 395 2164 Latinis
418 2106 537 2163 tontum
556 2103 726 2163 auctoribus
749 2122 804 2163 sua
826 2104 958 2166 hausisse
982 2104 1058 2163 dixit
1081 2096 1191 2186 (suprn

170 2214 198 2270 p.
206 2185 342 2275 XXVH).
366 2193 409 2252 At
417 2211 506 2269 quem
516 2193 628 2252 excutit
638 2195 669 2252 et
678 2193 764 2252 affert
773 2195 818 2253 est
827 2193 976 2270 Apsyrtos
985 2193 1037 2253 ille
1047 2191 1191 2270 Graecus,

171 2286 235 2342 tam
257 2284 424 2360 congruunt
451 2281 490 2342 ad
517 2281 640 2341 verbum
661 2280 812 2357 Apsyrtus
842 2300 963 2360 greecm
989 2286 1020 2342 et
1042 2282 1189 2361 Vegetius

172 2373 295 2433 latinus:
309 2371 404 2450 igitur
416 2372 495 2430 inter
507 2369 703 2448 Pelagonium
717 2374 747 2430 et
755 2369 915 2449 Vegetium
928 2371 1057 2432 conicias
1071 2372 1188 2431 factam

171 2481 233 2522 esse
255 2461 339 2521 illam
362 2451 570 2542 versionem²)‚
595 2461 679 2519 cuius
701 2458 846 2519 horrescit
868 2459 1010 2538 Vegetius
1033 2461 1187 2520 vilitatem

170 2551 312 2610 sermonis
328 2553 357 2609 et
366 2550 553 2626 eloquentiae
562 2539 741 2629 inopiam⁸);
756 2567 826 2608 sane
836 2550 1090 2624 praefatiunculas
1104 2550 1185 2624 illas,

247 2756 273 2823 1)
291 2753 373 2808 Adde
390 2752 582 2808 testimonium
600 2751 630 2805 in
648 2751 738 2807 lexico
758 2752 879 2822 quodam
900 2753 960 2808 cod.
975 2753 1058 2808 Vind.
1074 2772 1114 2824 gr.
1130 2759 1185 2810 284

170 2842 192 2879 s.
207 2823 258 2878 XV
272 2826 412 2879 servatum
429 2823 581 2894 [Ludwich
599 2822 780 2879 Homerische
794 2823 1044 2880 Batrachomachia
1061 2843 1088 2894 p.
1104 2830 1158 2879 480
1177 2848 1183 2881 ε

170 2895 218 2950 fol.
234 2900 279 2950 72³
298 2895 584 2965 A....philosophos
605 2911 727 2950 summus
747 2895 820 2962 βαίη
841 2902 867 2950 et
884 2897 1021 2966 plurimos
1044 2897 1127 2952 lrhros

170 2968 307 3023 medicina
331 2967 496 3021 animaliter
519 2967 575 3034 sere
598 2966 721 3021 omnium
749 2969 909 3036 comortpeit
928 2968 1023 3037 potius
1048 2968 1185 3024 divinitus

170 3056 254 3108 quom
271 3039 395 3093 humone.

242 3111 268 3178 a)
287 3106 367 3164 cirea
386 3124 410 3162 a.
425 3127 453 3180 p.
469 3106 530 3163 chr,
545 3113 606 3165 ess.

243 3183 269 3251 8)
288 3179 343 3236 Sed
361 3180 419 3235 iam
436 3181 574 3252 Apsyrtos
618 3180 736 3236 enuinus
759 3179 884 3249 inopiam
902 3181 1037 3236 sermonis
1056 3184 1184 3236 excusat:

173 3250 259 3321 Hipp.
273 3268 301 3376 β
318 3257 331 3306 1
352 3252 382 3308 ἐν
401 3243 422 3325 ᾧ
452 3249 557 3324 βιβλίῳ)
581 3199 617 3322 p}
638 3249 801 3322 ἐπιζητήσῃς
817 3249 977 3334 leporium,
996 3250 1065 3306 eut
1083 3252 1135 3321 τὴν
1154 3253 1184 3307 ἐκ

170 3329 440 3393 incorporeorum
459 3344 476 3378 v
495 3320 640 3393 ipericius
664 3320 810 3392 ἐπίγιωθι.
830 3322 858 3377 le
889 3324 937 3378 tne
957 3321 1028 3378 hsec
1045 3322 1182 3394 Vegetins

171 3396 200 3449 et
213 3396 362 3465 propterea
374 3394 513 3449 vilitatem
527 3393 662 3449 sermonis
675 3393 856 3463 recognovit?
895 3410 911 3449 e
926 3394 979 3449 tali
993 3394 1128 3449 sermonis
1138 3411 1184 3450 ex·

172 3465 316 3593 cusatgone
333 3465 363 3520 in
380 3465 531 3537 prooemiis
550 3463 679 3520 sollemni
698 3462 732 3519 cf.
751 3465 874 3532 Norden,
892 3467 993 3521 Antike
1008 3467 1185 3536 Koustproso

164 3541 248 3606 1259
265 3543 313 3606 ,1.
