<?xml version="1.0" encoding="UTF-8"?>
<!DOCTYPE html PUBLIC "-//W3C//DTD XHTML 1.0 Transitional//EN"
    "http://www.w3.org/TR/xhtml1/DTD/xhtml1-transitional.dtd">
<html xmlns="http://www.w3.org/1999/xhtml" xml:lang="en" lang="en">
 <head>
  <title>
</title>
<meta http-equiv="Content-Type" content="text/html;charset=utf-8" />
  <meta name='ocr-system' content='tesseract 3.04.00' />
  <meta name='ocr-capabilities' content='ocr_page ocr_carea ocr_par ocr_line ocrx_word'/>
</head>
<body>
  <div class='ocr_page' id='page_1' title='image "./pvegetirenatidi00lommgoog/pvegetirenatidi00lommgoog_0376.png"; bbox 0 0 2509 3892; ppageno 0'>
   <div class='ocr_carea' id='block_1_1' title="bbox 157 156 734 221">
    <p class='ocr_par' dir='ltr' id='par_1_1' title="bbox 157 156 734 221">
     <span class='ocr_line' id='line_1_1' title="bbox 157 156 734 221; baseline 0.003 -14"><span class='ocrx_word' id='word_1_1' title='bbox 157 157 221 221; x_wconf 74' lang='lat'><strong>278</strong></span> <span class='ocrx_word' id='word_1_2' title='bbox 536 158 539 163; x_wconf 88' lang='lat'>·</span> <span class='ocrx_word' id='word_1_3' title='bbox 597 156 734 212; x_wconf 73' lang='lat' dir='ltr'><strong>vacari</strong></span> 
     </span>
    </p>
   </div>
   <div class='ocr_carea' id='block_1_2' title="bbox 104 325 1209 2382">
    <p class='ocr_par' dir='ltr' id='par_1_2' title="bbox 104 325 1209 2382">
     <span class='ocr_line' id='line_1_2' title="bbox 154 325 1177 404; baseline 0.003 -20"><span class='ocrx_word' id='word_1_4' title='bbox 154 327 289 403; x_wconf 88' lang='lat' dir='ltr'><strong>ipsorum</strong></span> <span class='ocrx_word' id='word_1_5' title='bbox 315 325 406 384; x_wconf 89' lang='lat' dir='ltr'><strong>boum</strong></span> <span class='ocrx_word' id='word_1_6' title='bbox 434 326 551 385; x_wconf 84' lang='lat' dir='ltr'><strong>utilitas</strong></span> <span class='ocrx_word' id='word_1_7' title='bbox 581 329 612 385; x_wconf 84' lang='lat' dir='ltr'><strong>et</strong></span> <span class='ocrx_word' id='word_1_8' title='bbox 625 351 627 354; x_wconf 58' lang='grc'>’</span> <span class='ocrx_word' id='word_1_9' title='bbox 641 327 753 404; x_wconf 82' lang='lat' dir='ltr'><strong>gratia,</strong></span> <span class='ocrx_word' id='word_1_10' title='bbox 782 328 854 386; x_wconf 90' lang='lat' dir='ltr'><strong>sine·</strong></span> <span class='ocrx_word' id='word_1_11' title='bbox 877 327 985 403; x_wconf 87' lang='lat' dir='ltr'><strong>quibus</strong></span> <span class='ocrx_word' id='word_1_12' title='bbox 1002 327 1081 387; x_wconf 74' lang='lat' dir='ltr'><strong>&#39;neo¹</strong></span> <span class='ocrx_word' id='word_1_13' title='bbox 1100 331 1177 388; x_wconf 83' lang='lat' dir='ltr'><strong>terra</strong></span> 
     </span>
     <span class='ocr_line' id='line_1_3' title="bbox 155 414 1176 494; baseline 0.004 -21"><span class='ocrx_word' id='word_1_14' title='bbox 155 414 327 474; x_wconf 78' lang='lat' dir='ltr'><strong>excoliznec</strong></span> <span class='ocrx_word' id='word_1_15' title='bbox 349 415 514 473; x_wconf 87' lang='lat' dir='ltr'><strong>humanum</strong></span> <span class='ocrx_word' id='word_1_16' title='bbox 541 434 634 494; x_wconf 82' lang='lat' dir='ltr'><strong>genus</strong></span> <span class='ocrx_word' id='word_1_17' title='bbox 662 417 826 475; x_wconf 84' lang='lat' dir='ltr'><strong>sustentari</strong></span> <span class='ocrx_word' id='word_1_18' title='bbox 852 417 1005 475; x_wconf 82' lang='lat' dir='ltr'><strong>ullatenus</strong></span> <span class='ocrx_word' id='word_1_19' title='bbox 1025 420 1176 493; x_wconf 77' lang='lat' dir='ltr'><strong>poterunt</strong></span> 
     </span>
     <span class='ocr_line' id='line_1_4' title="bbox 104 501 1176 582; baseline 0.004 -20"><span class='ocrx_word' id='word_1_20' title='bbox 104 505 109 513; x_wconf 83' lang='grc'><strong>“</strong></span> <span class='ocrx_word' id='word_1_21' title='bbox 155 501 270 563; x_wconf 81' lang='lat' dir='ltr'><strong>Guucta</strong></span> <span class='ocrx_word' id='word_1_22' title='bbox 292 505 387 582; x_wconf 82' lang='lat' dir='ltr'><strong>igitur</strong></span> <span class='ocrx_word' id='word_1_23' title='bbox 408 505 561 582; x_wconf 82' lang='lat' dir='ltr'><strong>legumina</strong></span> <span class='ocrx_word' id='word_1_24' title='bbox 591 506 655 563; x_wconf 83' lang='lat' dir='ltr'><strong>sive</strong></span> <span class='ocrx_word' id='word_1_25' title='bbox 682 504 832 564; x_wconf 81' lang='lat' dir='ltr'><strong>frumenta</strong></span> <span class='ocrx_word' id='word_1_26' title='bbox 856 505 955 575; x_wconf 81' lang='lat' dir='ltr'><strong>¹bobus</strong></span> <span class='ocrx_word' id='word_1_27' title='bbox 978 507 1090 566; x_wconf 88' lang='lat' dir='ltr'><strong>merito</strong></span> <span class='ocrx_word' id='word_1_28' title='bbox 1114 526 1176 566; x_wconf 88' lang='lat' dir='ltr'><strong>ara·</strong></span> 
     </span>
     <span class='ocr_line' id='line_1_5' title="bbox 154 593 1176 671; baseline 0.005 -20"><span class='ocrx_word' id='word_1_29' title='bbox 154 593 269 667; x_wconf 83' lang='lat' dir='ltr'><strong>trisque</strong></span> <span class='ocrx_word' id='word_1_30' title='bbox 300 593 459 669; x_wconf 82' lang='lat' dir='ltr'><strong>debentur3</strong></span> <span class='ocrx_word' id='word_1_31' title='bbox 495 596 652 653; x_wconf 74' lang='lat' dir='ltr'><strong>vinearum</strong></span> <span class='ocrx_word' id='word_1_32' title='bbox 682 595 818 669; x_wconf 89' lang='lat' dir='ltr'><strong>ipsarum</strong></span> <span class='ocrx_word' id='word_1_33' title='bbox 853 607 924 654; x_wconf 83' lang='lat' dir='ltr'><strong>usus</strong></span> <span class='ocrx_word' id='word_1_34' title='bbox 956 597 1084 671; x_wconf 87' lang='lat' dir='ltr'><strong>periret,</strong></span> <span class='ocrx_word' id='word_1_35' title='bbox 1121 598 1176 656; x_wconf 90' lang='lat' dir='ltr'><strong>nisi</strong></span> 
     </span>
     <span class='ocr_line' id='line_1_6' title="bbox 120 682 1209 759; baseline 0.005 -19"><span class='ocrx_word' id='word_1_36' title='bbox 120 684 260 741; x_wconf 87' lang='lat' dir='ltr'><strong>4eorum</strong></span> <span class='ocrx_word' id='word_1_37' title='bbox 289 682 478 741; x_wconf 76' lang='lat' dir='ltr'><strong>adminiculis</strong></span> <span class='ocrx_word' id='word_1_38' title='bbox 505 682 715 742; x_wconf 56' lang='lat' dir='ltr'><strong>subvehendis&gt;</strong></span> <span class='ocrx_word' id='word_1_39' title='bbox 731 686 873 759; x_wconf 87' lang='lat' dir='ltr'><strong>carpenta</strong></span> <span class='ocrx_word' id='word_1_40' title='bbox 901 684 1052 743; x_wconf 83' lang='lat' dir='ltr'><strong>sudarent.</strong></span> <span class='ocrx_word' id='word_1_41' title='bbox 1102 685 1177 755; x_wconf 84' lang='lat' dir='ltr'><strong>Quid</strong></span> <span class='ocrx_word' id='word_1_42' title='bbox 1192 705 1209 745; x_wconf 73' lang='lat' dir='ltr'><strong>rs</strong></span> 
     </span>
     <span class='ocr_line' id='line_1_7' title="bbox 154 769 1176 850; baseline 0.004 -21"><span class='ocrx_word' id='word_1_43' title='bbox 154 769 194 830; x_wconf 87' lang='lat' dir='ltr'><strong>de</strong></span> <span class='ocrx_word' id='word_1_44' title='bbox 220 771 405 831; x_wconf 84' lang='lat' dir='ltr'><strong>diversorum</strong></span> <span class='ocrx_word' id='word_1_45' title='bbox 434 791 558 830; x_wconf 89' lang='lat' dir='ltr'><strong>onerum</strong></span> <span class='ocrx_word' id='word_1_46' title='bbox 588 774 810 848; x_wconf 86' lang='lat' dir='ltr'><strong>comparatione</strong></span> <span class='ocrx_word' id='word_1_47' title='bbox 839 773 1016 850; x_wconf 82' lang='lat' dir='ltr'><strong>referamne,</strong></span> <span class='ocrx_word' id='word_1_48' title='bbox 1048 774 1123 833; x_wconf 90' lang='lat' dir='ltr'><strong>dum</strong></span> <span class='ocrx_word' id='word_1_49' title='bbox 1149 778 1176 833; x_wconf 86' lang='lat' dir='ltr'><strong>et</strong></span> 
     </span>
     <span class='ocr_line' id='line_1_8' title="bbox 153 861 1176 940; baseline 0.002 -21"><span class='ocrx_word' id='word_1_50' title='bbox 153 862 234 919; x_wconf 89' lang='lat' dir='ltr'><strong>inter</strong></span> <span class='ocrx_word' id='word_1_51' title='bbox 251 861 376 919; x_wconf 88' lang='lat' dir='ltr'><strong>mobilia</strong></span> <span class='ocrx_word' id='word_1_52' title='bbox 400 861 547 936; x_wconf 89' lang='lat' dir='ltr'><strong>quidquid</strong></span> <span class='ocrx_word' id='word_1_53' title='bbox 565 863 687 940; x_wconf 83' lang='lat' dir='ltr'><strong>gravius</strong></span> <span class='ocrx_word' id='word_1_54' title='bbox 711 864 756 921; x_wconf 88' lang='lat' dir='ltr'><strong>est</strong></span> <span class='ocrx_word' id='word_1_55' title='bbox 780 862 891 938; x_wconf 89' lang='lat' dir='ltr'><strong>absque</strong></span> <span class='ocrx_word' id='word_1_56' title='bbox 914 863 1060 923; x_wconf 86' lang='lat' dir='ltr'><strong>vehiculis</strong></span> <span class='ocrx_word' id='word_1_57' title='bbox 1084 866 1176 939; x_wconf 78' lang='lat' dir='ltr'><strong>paene</strong></span> 
     </span>
     <span class='ocr_line' id='line_1_9' title="bbox 154 948 1175 1029; baseline 0.004 -22"><span class='ocrx_word' id='word_1_58' title='bbox 154 949 298 1009; x_wconf 77' lang='lat' dir='ltr'>reddatur</span> <span class='ocrx_word' id='word_1_59' title='bbox 326 948 500 1008; x_wconf 74' lang='lat' dir='ltr'><strong>immobile?</strong></span> <span class='ocrx_word' id='word_1_60' title='bbox 547 950 676 1025; x_wconf 81' lang='lat' dir='ltr'><strong>Reliqua</strong></span> <span class='ocrx_word' id='word_1_61' title='bbox 702 953 825 1027; x_wconf 78' lang='lat' dir='ltr'><strong>&#39;quoque&#39;</strong></span> <span class='ocrx_word' id='word_1_62' title='bbox 854 951 1003 1011; x_wconf 84' lang='lat' dir='ltr'><strong>animalia</strong></span> <span class='ocrx_word' id='word_1_63' title='bbox 1024 954 1175 1029; x_wconf 72' lang='lat' dir='ltr'><strong>ipsaeque</strong></span> 
     </span>
     <span class='ocr_line' id='line_1_10' title="bbox 155 1039 1174 1115; baseline 0.001 -18"><span class='ocrx_word' id='word_1_64' title='bbox 155 1039 321 1099; x_wconf 75' lang='lat' dir='ltr'><strong>cohortales</strong></span> <span class='ocrx_word' id='word_1_65' title='bbox 358 1058 428 1098; x_wconf 83' lang='lat' dir='ltr'><strong>aves</strong></span> <span class='ocrx_word' id='word_1_66' title='bbox 460 1058 495 1097; x_wconf 84' lang='lat' dir='ltr'><strong>ex</strong></span> <span class='ocrx_word' id='word_1_67' title='bbox 532 1058 635 1099; x_wconf 90' lang='lat' dir='ltr'><strong>eorum</strong></span> <span class='ocrx_word' id='word_1_68' title='bbox 659 1042 796 1115; x_wconf 86' lang='lat' dir='ltr'><strong>capiunt</strong></span> <span class='ocrx_word' id='word_1_69' title='bbox 832 1040 934 1101; x_wconf 90' lang='lat' dir='ltr'><strong>labore</strong></span> <span class='ocrx_word' id='word_1_70' title='bbox 965 1040 1174 1101; x_wconf 89' lang='lat' dir='ltr'><strong>substantiam.</strong></span> 
     </span>
     <span class='ocr_line' id='line_1_11' title="bbox 154 1126 1207 1203; baseline 0.003 -18"><span class='ocrx_word' id='word_1_71' title='bbox 154 1126 239 1187; x_wconf 86' lang='lat' dir='ltr'><strong>Unde</strong></span> <span class='ocrx_word' id='word_1_72' title='bbox 270 1129 349 1186; x_wconf 89' lang='lat' dir='ltr'><strong>enim</strong></span> <span class='ocrx_word' id='word_1_73' title='bbox 381 1129 465 1203; x_wconf 88' lang='lat' dir='ltr'><strong>equis</strong></span> <span class='ocrx_word' id='word_1_74' title='bbox 499 1128 656 1203; x_wconf 87' lang='lat' dir='ltr'><strong>hordeum,</strong></span> <span class='ocrx_word' id='word_1_75' title='bbox 690 1129 769 1187; x_wconf 93' lang='lat' dir='ltr'><strong>unde</strong></span> <span class='ocrx_word' id='word_1_76' title='bbox 799 1130 899 1188; x_wconf 91' lang='lat' dir='ltr'><strong>cibum</strong></span> <span class='ocrx_word' id='word_1_77' title='bbox 928 1131 1067 1201; x_wconf 79' lang='lat' dir='ltr'><strong>canibusr,</strong></span> <span class='ocrx_word' id='word_1_78' title='bbox 1099 1132 1173 1190; x_wconf 91' lang='lat' dir='ltr'><strong>unde</strong></span> <span class='ocrx_word' id='word_1_79' title='bbox 1186 1151 1207 1190; x_wconf 76' lang='lat' dir='ltr'><strong>io</strong></span> 
     </span>
     <span class='ocr_line' id='line_1_12' title="bbox 153 1217 1173 1296; baseline 0.004 -21"><span class='ocrx_word' id='word_1_80' title='bbox 153 1219 252 1292; x_wconf 87' lang='lat' dir='ltr'><strong>porois</strong></span> <span class='ocrx_word' id='word_1_81' title='bbox 274 1217 419 1292; x_wconf 87' lang='lat' dir='ltr'><strong>pabulum</strong></span> <span class='ocrx_word' id='word_1_82' title='bbox 441 1218 631 1277; x_wconf 91' lang='lat' dir='ltr'><strong>dominorum</strong></span> <span class='ocrx_word' id='word_1_83' title='bbox 653 1218 788 1278; x_wconf 86' lang='lat' dir='ltr'><strong>sollertia</strong></span> <span class='ocrx_word' id='word_1_84' title='bbox 810 1220 1008 1292; x_wconf 87' lang='lat' dir='ltr'><strong>ministraret,</strong></span> <span class='ocrx_word' id='word_1_85' title='bbox 1032 1222 1067 1278; x_wconf 91' lang='lat' dir='ltr'><strong>ni</strong></span> <span class='ocrx_word' id='word_1_86' title='bbox 1089 1238 1173 1296; x_wconf 85' lang='lat' dir='ltr'><strong>para·</strong></span> 
     </span>
     <span class='ocr_line' id='line_1_13' title="bbox 120 1304 1173 1386; baseline 0.004 -23"><span class='ocrx_word' id='word_1_87' title='bbox 120 1307 259 1364; x_wconf 78' lang='lat' dir='ltr'><strong>brentur</strong></span> <span class='ocrx_word' id='word_1_88' title='bbox 290 1307 381 1365; x_wconf 90' lang='lat' dir='ltr'><strong>boum</strong></span> <span class='ocrx_word' id='word_1_89' title='bbox 412 1306 513 1366; x_wconf 88' lang='lat' dir='ltr'><strong>labore</strong></span> <span class='ocrx_word' id='word_1_90' title='bbox 549 1304 721 1366; x_wconf 79' lang='lat' dir='ltr'><strong>frumenta?</strong></span> <span class='ocrx_word' id='word_1_91' title='bbox 763 1308 803 1365; x_wconf 77' lang='lat' dir='ltr'><strong>at</strong></span> <span class='ocrx_word' id='word_1_92' title='bbox 834 1327 871 1366; x_wconf 89' lang='lat' dir='ltr'><strong>ne</strong></span> <span class='ocrx_word' id='word_1_93' title='bbox 900 1308 1024 1386; x_wconf 79' lang='lat' dir='ltr'><strong>longum</strong></span> <span class='ocrx_word' id='word_1_94' title='bbox 1056 1310 1173 1383; x_wconf 75' lang='lat' dir='ltr'><strong>faciem,</strong></span> 
     </span>
     <span class='ocr_line' id='line_1_14' title="bbox 152 1394 1172 1474; baseline 0.003 -21"><span class='ocrx_word' id='word_1_95' title='bbox 152 1394 246 1454; x_wconf 89' lang='lat' dir='ltr'><strong>bobus</strong></span> <span class='ocrx_word' id='word_1_96' title='bbox 270 1395 377 1455; x_wconf 88' lang='lat' dir='ltr'><strong>debent</strong></span> <span class='ocrx_word' id='word_1_97' title='bbox 405 1397 560 1472; x_wconf 81' lang='lat' dir='ltr'><strong>alimenta,</strong></span> <span class='ocrx_word' id='word_1_98' title='bbox 591 1396 741 1471; x_wconf 89' lang='lat' dir='ltr'><strong>quidquid</strong></span> <span class='ocrx_word' id='word_1_99' title='bbox 768 1397 810 1455; x_wconf 90' lang='lat' dir='ltr'><strong>ali</strong></span> <span class='ocrx_word' id='word_1_100' title='bbox 835 1400 943 1472; x_wconf 87' lang='lat' dir='ltr'><strong>potest.</strong></span> <span class='ocrx_word' id='word_1_101' title='bbox 984 1397 1078 1474; x_wconf 89' lang='lat' dir='ltr'><strong>Apud</strong></span> <span class='ocrx_word' id='word_1_102' title='bbox 1100 1399 1172 1458; x_wconf 89' lang='lat' dir='ltr'><strong>alios</strong></span> 
     </span>
     <span class='ocr_line' id='line_1_15' title="bbox 153 1485 1172 1562; baseline 0.003 -20"><span class='ocrx_word' id='word_1_103' title='bbox 153 1503 245 1561; x_wconf 84' lang='lat' dir='ltr'><strong>genus</strong></span> <span class='ocrx_word' id='word_1_104' title='bbox 268 1486 430 1558; x_wconf 83' lang='lat' dir='ltr'><strong>mulorum,</strong></span> <span class='ocrx_word' id='word_1_105' title='bbox 454 1485 534 1560; x_wconf 87' lang='lat' dir='ltr'><strong>apud</strong></span> <span class='ocrx_word' id='word_1_106' title='bbox 558 1485 633 1544; x_wconf 90' lang='lat' dir='ltr'><strong>alios</strong></span> <span class='ocrx_word' id='word_1_107' title='bbox 657 1486 850 1560; x_wconf 84' lang='lat' dir='ltr'><strong>camelorum,</strong></span> <span class='ocrx_word' id='word_1_108' title='bbox 877 1486 957 1561; x_wconf 89' lang='lat' dir='ltr'><strong>apud</strong></span> <span class='ocrx_word' id='word_1_109' title='bbox 979 1505 1094 1562; x_wconf 88' lang='lat' dir='ltr'><strong>paucos</strong></span> <span class='ocrx_word' id='word_1_110' title='bbox 1118 1488 1172 1547; x_wconf 90' lang='lat' dir='ltr'><strong>ele·</strong></span> 
     </span>
     <span class='ocr_line' id='line_1_16' title="bbox 152 1573 1204 1652; baseline 0.004 -21"><span class='ocrx_word' id='word_1_111' title='bbox 152 1573 333 1648; x_wconf 87' lang='lat' dir='ltr'><strong>phantorum</strong></span> <span class='ocrx_word' id='word_1_112' title='bbox 355 1574 426 1633; x_wconf 86' lang='lat' dir='ltr'><strong>licet</strong></span> <span class='ocrx_word' id='word_1_113' title='bbox 449 1576 571 1652; x_wconf 84' lang='lat' dir='ltr'><strong>exiguus</strong></span> <span class='ocrx_word' id='word_1_114' title='bbox 595 1593 666 1633; x_wconf 88' lang='lat' dir='ltr'><strong>usus</strong></span> <span class='ocrx_word' id='word_1_115' title='bbox 694 1577 752 1634; x_wconf 88' lang='lat' dir='ltr'><strong>est:</strong></span> <span class='ocrx_word' id='word_1_116' title='bbox 774 1575 859 1633; x_wconf 87' lang='lat' dir='ltr'><strong>nulle</strong></span> <span class='ocrx_word' id='word_1_117' title='bbox 881 1577 981 1651; x_wconf 83' lang='lat' dir='ltr'><strong>potest</strong></span> <span class='ocrx_word' id='word_1_118' title='bbox 1003 1578 1089 1635; x_wconf 87' lang='lat' dir='ltr'><strong>natio</strong></span> <span class='ocrx_word' id='word_1_119' title='bbox 1113 1595 1204 1637; x_wconf 75' lang='lat' dir='ltr'><strong>esses</strong></span> 
     </span>
     <span class='ocr_line' id='line_1_17' title="bbox 119 1661 1171 1740; baseline 0.005 -21"><span class='ocrx_word' id='word_1_120' title='bbox 119 1662 217 1720; x_wconf 72' lang='lat' dir='ltr'><strong>tisino</strong></span> <span class='ocrx_word' id='word_1_121' title='bbox 239 1661 342 1721; x_wconf 90' lang='lat' dir='ltr'><strong>bobus.</strong></span> <span class='ocrx_word' id='word_1_122' title='bbox 388 1662 550 1737; x_wconf 84' lang='lat' dir='ltr'><strong>Postremo,</strong></span> <span class='ocrx_word' id='word_1_123' title='bbox 572 1666 607 1723; x_wconf 89' lang='lat' dir='ltr'><strong>ut</strong></span> <span class='ocrx_word' id='word_1_124' title='bbox 631 1664 670 1722; x_wconf 92' lang='lat' dir='ltr'><strong>ad</strong></span> <span class='ocrx_word' id='word_1_125' title='bbox 691 1664 1022 1740; x_wconf 81' lang='lat' dir='ltr'><strong>providentissimomm</strong></span> <span class='ocrx_word' id='word_1_126' title='bbox 1041 1668 1171 1726; x_wconf 85' lang='lat' dir='ltr'><strong>virorum</strong></span> 
     </span>
     <span class='ocr_line' id='line_1_18' title="bbox 153 1751 1171 1828; baseline 0.006 -20"><span class='ocrx_word' id='word_1_127' title='bbox 153 1752 266 1826; x_wconf 86' lang='lat' dir='ltr'><strong>scripta</strong></span> <span class='ocrx_word' id='word_1_128' title='bbox 293 1751 461 1828; x_wconf 84' lang='lat' dir='ltr'><strong>redeamus,</strong></span> <span class='ocrx_word' id='word_1_129' title='bbox 493 1771 619 1828; x_wconf 87' lang='lat' dir='ltr'><strong>quorum</strong></span> <span class='ocrx_word' id='word_1_130' title='bbox 647 1752 783 1812; x_wconf 91' lang='lat' dir='ltr'><strong>firmatur</strong></span> <span class='ocrx_word' id='word_1_131' title='bbox 813 1755 992 1813; x_wconf 88' lang='lat' dir='ltr'><strong>auctoritate</strong></span> <span class='ocrx_word' id='word_1_132' title='bbox 1020 1752 1171 1814; x_wconf 77' lang='lat' dir='ltr'><strong>Iustitiam</strong></span> 
     </span>
     <span class='ocr_line' id='line_1_19' title="bbox 152 1840 1172 1914; baseline 0.009 -19"><span class='ocrx_word' id='word_1_133' title='bbox 152 1840 352 1914; x_wconf 82' lang='lat' dir='ltr'><strong>iumentorum</strong></span> <span class='ocrx_word' id='word_1_134' title='bbox 382 1841 471 1900; x_wconf 86' lang='lat' dir='ltr'><strong>caedo</strong></span> <span class='ocrx_word' id='word_1_135' title='bbox 500 1842 646 1901; x_wconf 76' lang='lat' dir='ltr'><strong>violatam</strong></span> <span class='ocrx_word' id='word_1_136' title='bbox 675 1842 826 1910; x_wconf 78' lang='lat' dir='ltr'><strong>derelictis</strong></span> <span class='ocrx_word' id='word_1_137' title='bbox 856 1845 944 1902; x_wconf 88' lang='lat' dir='ltr'><strong>terris</strong></span> <span class='ocrx_word' id='word_1_138' title='bbox 975 1842 1014 1902; x_wconf 89' lang='lat' dir='ltr'><strong>ad</strong></span> <span class='ocrx_word' id='word_1_139' title='bbox 1044 1845 1172 1904; x_wconf 86' lang='lat' dir='ltr'><strong>siderum</strong></span> 
     </span>
     <span class='ocr_line' id='line_1_20' title="bbox 151 1931 1172 2009; baseline 0.006 -23"><span class='ocrx_word' id='word_1_140' title='bbox 151 1941 297 1987; x_wconf 86' lang='lat' dir='ltr'><strong>remeasse</strong></span> <span class='ocrx_word' id='word_1_141' title='bbox 311 1932 507 1989; x_wconf 81' lang='lat' dir='ltr'><strong>consortium:</strong></span> <span class='ocrx_word' id='word_1_142' title='bbox 526 1931 599 2006; x_wconf 91' lang='lat' dir='ltr'><strong>quid</strong></span> <span class='ocrx_word' id='word_1_143' title='bbox 612 1933 713 2007; x_wconf 86' lang='lat' dir='ltr'><strong>potest</strong></span> <span class='ocrx_word' id='word_1_144' title='bbox 728 1931 910 2007; x_wconf 76' lang='lat' dir='ltr'><strong>laudabilius</strong></span> <span class='ocrx_word' id='word_1_145' title='bbox 928 1933 1065 2008; x_wconf 83' lang='lat' dir='ltr'><strong>reperiri,</strong></span> <span class='ocrx_word' id='word_1_146' title='bbox 1085 1951 1172 2009; x_wconf 88' lang='lat' dir='ltr'><strong>quam</strong></span> 
     </span>
     <span class='ocr_line' id='line_1_21' title="bbox 152 2018 1205 2100; baseline 0.006 -25"><span class='ocrx_word' id='word_1_147' title='bbox 152 2019 186 2075; x_wconf 90' lang='lat' dir='ltr'><strong>ut</strong></span> <span class='ocrx_word' id='word_1_148' title='bbox 217 2037 327 2076; x_wconf 89' lang='lat' dir='ltr'><strong>numen</strong></span> <span class='ocrx_word' id='word_1_149' title='bbox 360 2019 574 2098; x_wconf 88' lang='lat' dir='ltr'><strong>aequissimum</strong></span> <span class='ocrx_word' id='word_1_150' title='bbox 602 2018 692 2079; x_wconf 92' lang='lat' dir='ltr'><strong>boum</strong></span> <span class='ocrx_word' id='word_1_151' title='bbox 726 2019 882 2099; x_wconf 86' lang='lat' dir='ltr'><strong>fugaretur</strong></span> <span class='ocrx_word' id='word_1_152' title='bbox 912 2022 1054 2097; x_wconf 85' lang='lat' dir='ltr'><strong>interitu,</strong></span> <span class='ocrx_word' id='word_1_153' title='bbox 1088 2023 1205 2100; x_wconf 76' lang='lat' dir='ltr'><strong>quoda</strong></span> 
     </span>
     <span class='ocr_line' id='line_1_22' title="bbox 118 2106 1172 2187; baseline 0.004 -22"><span class='ocrx_word' id='word_1_154' title='bbox 118 2106 224 2165; x_wconf 76' lang='lat' dir='ltr'><strong>&#39;idum</strong></span> <span class='ocrx_word' id='word_1_155' title='bbox 246 2107 409 2166; x_wconf 90' lang='lat' dir='ltr'><strong>homicidia</strong></span> <span class='ocrx_word' id='word_1_156' title='bbox 438 2107 555 2182; x_wconf 86' lang='lat' dir='ltr'><strong>fierent,</strong></span> <span class='ocrx_word' id='word_1_157' title='bbox 584 2109 780 2183; x_wconf 79' lang='lat' dir='ltr'><strong>permanebat</strong></span> <span class='ocrx_word' id='word_1_158' title='bbox 806 2112 839 2169; x_wconf 92' lang='lat' dir='ltr'><strong>in</strong></span> <span class='ocrx_word' id='word_1_159' title='bbox 865 2108 975 2169; x_wconf 75' lang='lat' dir='ltr'><strong>terris?</strong></span> <span class='ocrx_word' id='word_1_160' title='bbox 1016 2110 1172 2187; x_wconf 86' lang='lat' dir='ltr'><strong>Duplicem</strong></span> 
     </span>
     <span class='ocr_line' id='line_1_23' title="bbox 151 2196 1172 2277; baseline 0.004 -23"><span class='ocrx_word' id='word_1_161' title='bbox 151 2196 246 2274; x_wconf 84' lang='lat' dir='ltr'><strong>igitur</strong></span> <span class='ocrx_word' id='word_1_162' title='bbox 264 2197 498 2256; x_wconf 86' lang='lat' dir='ltr'><strong>sollicitudinem</strong></span> <span class='ocrx_word' id='word_1_163' title='bbox 515 2201 642 2273; x_wconf 60' lang='lat' dir='ltr'><strong>oportet&gt;</strong></span> <span class='ocrx_word' id='word_1_164' title='bbox 653 2199 795 2274; x_wconf 63' lang='lat' dir='ltr'><strong>impendi</strong></span> <span class='ocrx_word' id='word_1_165' title='bbox 813 2201 849 2258; x_wconf 90' lang='lat' dir='ltr'><strong>ut</strong></span> <span class='ocrx_word' id='word_1_166' title='bbox 867 2202 981 2258; x_wconf 89' lang='lat' dir='ltr'><strong>sanitas</strong></span> <span class='ocrx_word' id='word_1_167' title='bbox 1000 2201 1172 2277; x_wconf 78' lang='lat' dir='ltr'><strong>incorrupta</strong></span> 
     </span>
     <span class='ocr_line' id='line_1_24' title="bbox 150 2287 1203 2382; baseline 0.004 -39"><span class='ocrx_word' id='word_1_168' title='bbox 150 2289 325 2361; x_wconf 86' lang='lat' dir='ltr'><strong>permaneat</strong></span> <span class='ocrx_word' id='word_1_169' title='bbox 354 2288 389 2364; x_wconf 85' lang='lat' dir='ltr'><strong>et</strong></span> <span class='ocrx_word' id='word_1_170' title='bbox 423 2287 591 2364; x_wconf 79' lang='lat' dir='ltr'><strong>aegritudo,</strong></span> <span class='ocrx_word' id='word_1_171' title='bbox 627 2306 703 2363; x_wconf 90' lang='lat' dir='ltr'><strong>quae</strong></span> <span class='ocrx_word' id='word_1_172' title='bbox 736 2306 771 2346; x_wconf 88' lang='lat' dir='ltr'><strong>ex</strong></span> <span class='ocrx_word' id='word_1_173' title='bbox 805 2306 877 2347; x_wconf 86' lang='lat' dir='ltr'><strong>casu</strong></span> <span class='ocrx_word' id='word_1_174' title='bbox 911 2289 960 2347; x_wconf 88' lang='lat' dir='ltr'><strong>vel</strong></span> <span class='ocrx_word' id='word_1_175' title='bbox 989 2290 1171 2382; x_wconf 71' lang='lat' dir='ltr'><strong>negligentia</strong></span> <span class='ocrx_word' id='word_1_176' title='bbox 1200 2293 1203 2300; x_wconf 80' lang='grc'>’</span> 
     </span>
    </p>
   </div>
   <div class='ocr_carea' id='block_1_3' title="bbox 150 2374 1202 2525">
    <p class='ocr_par' dir='ltr' id='par_1_3' title="bbox 150 2374 1202 2525">
     <span class='ocr_line' id='line_1_25' title="bbox 151 2374 1172 2453; baseline 0.003 -19"><span class='ocrx_word' id='word_1_177' title='bbox 151 2377 213 2434; x_wconf 83' lang='lat' dir='ltr'><strong>sive</strong></span> <span class='ocrx_word' id='word_1_178' title='bbox 235 2374 339 2435; x_wconf 81' lang='lat' dir='ltr'><strong>labore</strong></span> <span class='ocrx_word' id='word_1_179' title='bbox 363 2377 517 2435; x_wconf 83' lang='lat' dir='ltr'><strong>contracta</strong></span> <span class='ocrx_word' id='word_1_180' title='bbox 547 2380 605 2451; x_wconf 87' lang='lat' dir='ltr'><strong>est,</strong></span> <span class='ocrx_word' id='word_1_181' title='bbox 636 2378 830 2453; x_wconf 87' lang='lat' dir='ltr'><strong>competentis</strong></span> <span class='ocrx_word' id='word_1_182' title='bbox 859 2377 1026 2437; x_wconf 86' lang='lat' dir='ltr'><strong>medicinae</strong></span> <span class='ocrx_word' id='word_1_183' title='bbox 1054 2382 1172 2438; x_wconf 84' lang='lat' dir='ltr'><strong>curetur</strong></span> 
     </span>
     <span class='ocr_line' id='line_1_26' title="bbox 150 2466 1202 2525; baseline 0.003 -3"><span class='ocrx_word' id='word_1_184' title='bbox 150 2466 275 2524; x_wconf 86' lang='lat' dir='ltr'><strong>ratione.</strong></span> <span class='ocrx_word' id='word_1_185' title='bbox 1181 2485 1202 2525; x_wconf 77' lang='lat' dir='ltr'><strong>a</strong></span> 
     </span>
    </p>
   </div>
   <div class='ocr_carea' id='block_1_4' title="bbox 364 2601 956 2703">
    <p class='ocr_par' dir='ltr' id='par_1_4' title="bbox 364 2601 956 2703">
     <span class='ocr_line' id='line_1_27' title="bbox 364 2601 956 2703; baseline 0.003 -37"><span class='ocrx_word' id='word_1_186' title='bbox 364 2601 392 2666; x_wconf 93' lang='grc' dir='ltr'><strong>Ι.</strong></span> <span class='ocrx_word' id='word_1_187' title='bbox 416 2601 466 2666; x_wconf 82' lang='lat' dir='ltr'><strong>Dc</strong></span> <span class='ocrx_word' id='word_1_188' title='bbox 488 2602 679 2703; x_wconf 82' lang='lat' dir='ltr'><strong>observando</strong></span> <span class='ocrx_word' id='word_1_189' title='bbox 702 2603 791 2669; x_wconf 82' lang='lat' dir='ltr'><strong>boum</strong></span> <span class='ocrx_word' id='word_1_190' title='bbox 814 2605 956 2670; x_wconf 79' lang='lat' dir='ltr'><strong>sanitate.</strong></span> 
     </span>
    </p>
   </div>
   <div class='ocr_carea' id='block_1_5' title="bbox 51 2689 1169 2904">
    <p class='ocr_par' dir='ltr' id='par_1_5' title="bbox 51 2689 1169 2904">
     <span class='ocr_line' id='line_1_28' title="bbox 51 2689 1169 2809; baseline 0.014 -31"><span class='ocrx_word' id='word_1_191' title='bbox 51 2738 192 2804; x_wconf 74' lang='lat' dir='ltr'><strong>1111oesn.¹</strong></span> <span class='ocrx_word' id='word_1_192' title='bbox 231 2689 273 2789; x_wconf 85' lang='lat' dir='ltr'><strong>Ut</strong></span> <span class='ocrx_word' id='word_1_193' title='bbox 302 2725 500 2809; x_wconf 80' lang='lat' dir='ltr'><strong>longaeviet</strong></span> <span class='ocrx_word' id='word_1_194' title='bbox 529 2734 596 2791; x_wconf 89' lang='lat' dir='ltr'><strong>sani</strong></span> <span class='ocrx_word' id='word_1_195' title='bbox 623 2733 685 2793; x_wconf 88' lang='lat' dir='ltr'><strong>sint</strong></span> <span class='ocrx_word' id='word_1_196' title='bbox 711 2733 814 2809; x_wconf 75' lang='lat' dir='ltr'><strong>bovae,</strong></span> <span class='ocrx_word' id='word_1_197' title='bbox 834 2711 1005 2805; x_wconf 20' lang='lat' dir='ltr'><strong>*bubulcum</strong></span> <span class='ocrx_word' id='word_1_198' title='bbox 1033 2738 1169 2796; x_wconf 83' lang='lat' dir='ltr'><strong>convenit</strong></span> 
     </span>
     <span class='ocr_line' id='line_1_29' title="bbox 149 2819 1168 2904; baseline 0.008 -29"><span class='ocrx_word' id='word_1_199' title='bbox 149 2819 305 2904; x_wconf 85' lang='lat' dir='ltr'><strong>providere</strong></span> <span class='ocrx_word' id='word_1_200' title='bbox 335 2821 384 2878; x_wconf 84' lang='lat' dir='ltr'><strong>vel</strong></span> <span class='ocrx_word' id='word_1_201' title='bbox 417 2821 582 2895; x_wconf 81' lang='lat' dir='ltr'><strong>dominum,</strong></span> <span class='ocrx_word' id='word_1_202' title='bbox 615 2825 762 2898; x_wconf 88' lang='lat' dir='ltr'><strong>quatenus</strong></span> <span class='ocrx_word' id='word_1_203' title='bbox 793 2823 953 2901; x_wconf 85' lang='lat' dir='ltr'><strong>frigoribus</strong></span> <span class='ocrx_word' id='word_1_204' title='bbox 987 2825 1168 2885; x_wconf 87' lang='lat' dir='ltr'><strong>calidissimo</strong></span> 
     </span>
    </p>
   </div>
   <div class='ocr_carea' id='block_1_6' title="bbox 222 2948 756 3043">
    <p class='ocr_par' dir='ltr' id='par_1_6' title="bbox 222 2948 756 3043">
     <span class='ocr_line' id='line_1_30' title="bbox 222 2948 756 3043; baseline 0.011 -20"><span class='ocrx_word' id='word_1_205' title='bbox 222 2975 256 3023; x_wconf 86' lang='grc'><strong>16</strong></span> <span class='ocrx_word' id='word_1_206' title='bbox 275 2969 311 3024; x_wconf 88' lang='lat' dir='ltr'><strong>cf.</strong></span> <span class='ocrx_word' id='word_1_207' title='bbox 325 2970 410 3042; x_wconf 84' lang='lat' dir='ltr'><strong>Verg.</strong></span> <span class='ocrx_word' id='word_1_208' title='bbox 425 2988 520 3043; x_wconf 82' lang='lat' dir='ltr'><strong>georg.</strong></span> <span class='ocrx_word' id='word_1_209' title='bbox 534 2973 560 3027; x_wconf 91' lang='lat'><strong>11</strong></span> <span class='ocrx_word' id='word_1_210' title='bbox 578 2979 639 3028; x_wconf 76' lang='lat'><strong>473.</strong></span> <span class='ocrx_word' id='word_1_211' title='bbox 754 2948 756 2954; x_wconf 25' lang='grc' dir='ltr'>Ι</span> 
     </span>
    </p>
   </div>
   <div class='ocr_carea' id='block_1_7' title="bbox 148 3113 1169 3404">
    <p class='ocr_par' dir='ltr' id='par_1_7' title="bbox 148 3113 1169 3404">
     <span class='ocr_line' id='line_1_31' title="bbox 222 3113 1169 3189; baseline 0.011 -25"><span class='ocrx_word' id='word_1_212' title='bbox 222 3113 332 3167; x_wconf 73' lang='lat' dir='ltr'><strong>*linter</strong></span> <span class='ocrx_word' id='word_1_213' title='bbox 349 3114 467 3169; x_wconf 87' lang='lat' dir='ltr'><strong>mobilia</strong></span> <span class='ocrx_word' id='word_1_214' title='bbox 486 3118 515 3171; x_wconf 89' lang='lat' dir='ltr'><strong>et</strong></span> <span class='ocrx_word' id='word_1_215' title='bbox 532 3118 613 3187; x_wconf 72' lang='lat' dir='ltr'><strong>culpo</strong></span> <span class='ocrx_word' id='word_1_216' title='bbox 627 3118 667 3186; x_wconf 69' lang='lat' dir='ltr'><strong>li</strong></span> <span class='ocrx_word' id='word_1_217' title='bbox 686 3133 768 3171; x_wconf 83' lang='lat' dir='ltr'><strong>aures</strong></span> <span class='ocrx_word' id='word_1_218' title='bbox 783 3119 832 3186; x_wconf 74' lang='lat' dir='ltr'><strong>All</strong></span> <span class='ocrx_word' id='word_1_219' title='bbox 849 3122 881 3171; x_wconf 81' lang='lat'><strong>12</strong></span> <span class='ocrx_word' id='word_1_220' title='bbox 900 3116 989 3172; x_wconf 84' lang='lat' dir='ltr'><strong>iaciat</strong></span> <span class='ocrx_word' id='word_1_221' title='bbox 1003 3119 1031 3172; x_wconf 98' lang='lat' dir='ltr'><strong><em>A</em></strong></span> <span class='ocrx_word' id='word_1_222' title='bbox 1044 3122 1054 3189; x_wconf 80' lang='grc' dir='ltr'><strong>ΙΙ</strong></span> <span class='ocrx_word' id='word_1_223' title='bbox 1070 3126 1103 3174; x_wconf 85' lang='grc'><strong>13</strong></span> <span class='ocrx_word' id='word_1_224' title='bbox 1122 3136 1169 3189; x_wconf 72' lang='lat' dir='ltr'><strong>ap</strong></span> 
     </span>
     <span class='ocr_line' id='line_1_32' title="bbox 148 3182 1168 3258; baseline 0.012 -22"><span class='ocrx_word' id='word_1_225' title='bbox 148 3182 207 3237; x_wconf 85' lang='lat' dir='ltr'><strong>tius</strong></span> <span class='ocrx_word' id='word_1_226' title='bbox 226 3184 297 3238; x_wconf 85' lang='lat' dir='ltr'><strong>alios</strong></span> <span class='ocrx_word' id='word_1_227' title='bbox 316 3187 344 3240; x_wconf 98' lang='lat' dir='ltr'><strong><em>A</em></strong></span> <span class='ocrx_word' id='word_1_228' title='bbox 356 3187 366 3254; x_wconf 85' lang='grc' dir='ltr'><strong>ΙΙ</strong></span> <span class='ocrx_word' id='word_1_229' title='bbox 381 3192 414 3240; x_wconf 77' lang='grc'><strong>17·</strong></span> <span class='ocrx_word' id='word_1_230' title='bbox 432 3187 582 3241; x_wconf 87' lang='lat' dir='ltr'><strong>reddemus</strong></span> <span class='ocrx_word' id='word_1_231' title='bbox 601 3189 628 3241; x_wconf 87' lang='lat' dir='ltr'><strong><em>A</em></strong></span> <span class='ocrx_word' id='word_1_232' title='bbox 652 3191 656 3256; x_wconf 88' lang='grc' dir='ltr'>Ι</span> <span class='ocrx_word' id='word_1_233' title='bbox 682 3189 834 3242; x_wconf 86' lang='lat' dir='ltr'><strong>auctoritas</strong></span> <span class='ocrx_word' id='word_1_234' title='bbox 853 3190 894 3243; x_wconf 84' lang='lat' dir='ltr'><strong>cd.</strong></span> <span class='ocrx_word' id='word_1_235' title='bbox 904 3206 951 3258; x_wconf 82' lang='lat' dir='ltr'><strong>pr.</strong></span> <span class='ocrx_word' id='word_1_236' title='bbox 966 3191 994 3244; x_wconf 97' lang='lat' dir='ltr'><strong><em>A</em></strong></span> <span class='ocrx_word' id='word_1_237' title='bbox 1006 3201 1077 3246; x_wconf 76' lang='lat' dir='ltr'><strong>corr.</strong></span> <span class='ocrx_word' id='word_1_238' title='bbox 1092 3194 1168 3248; x_wconf 82' lang='lat' dir='ltr'><strong>Mor-</strong></span> 
     </span>
     <span class='ocr_line' id='line_1_33' title="bbox 148 3256 1167 3329; baseline 0.007 -22"><span class='ocrx_word' id='word_1_239' title='bbox 148 3256 269 3325; x_wconf 72' lang='lat' dir='ltr'><strong>papoias</strong></span> <span class='ocrx_word' id='word_1_240' title='bbox 302 3259 306 3322; x_wconf 84' lang='grc'>1</span> <span class='ocrx_word' id='word_1_241' title='bbox 340 3257 451 3312; x_wconf 84' lang='lat' dir='ltr'><strong>iustitia</strong></span> <span class='ocrx_word' id='word_1_242' title='bbox 469 3261 497 3313; x_wconf 92' lang='lat' dir='ltr'><strong><em>A</em></strong></span> <span class='ocrx_word' id='word_1_243' title='bbox 528 3261 538 3328; x_wconf 84' lang='grc' dir='ltr'><strong>ΙΙ</strong></span> <span class='ocrx_word' id='word_1_244' title='bbox 571 3263 604 3312; x_wconf 89' lang='grc'><strong>18</strong></span> <span class='ocrx_word' id='word_1_245' title='bbox 622 3258 748 3314; x_wconf 84' lang='lat' dir='ltr'><strong>violenta</strong></span> <span class='ocrx_word' id='word_1_246' title='bbox 766 3261 805 3315; x_wconf 85' lang='lat' dir='ltr'><strong>ed.</strong></span> <span class='ocrx_word' id='word_1_247' title='bbox 817 3260 1038 3329; x_wconf 67' lang='lat' dir='ltr'><strong>pasiolentsm</strong></span> <span class='ocrx_word' id='word_1_248' title='bbox 1056 3264 1085 3318; x_wconf 88' lang='lat' dir='ltr'><strong><em>A</em></strong></span> <span class='ocrx_word' id='word_1_249' title='bbox 1101 3278 1167 3319; x_wconf 70' lang='lat' dir='ltr'><strong>coer.</strong></span> 
     </span>
     <span class='ocr_line' id='line_1_34' title="bbox 153 3326 1168 3404; baseline 0.008 -25"><span class='ocrx_word' id='word_1_250' title='bbox 153 3326 234 3380; x_wconf 75' lang='lat' dir='ltr'><strong>Gerre.</strong></span> <span class='ocrx_word' id='word_1_251' title='bbox 261 3329 271 3395; x_wconf 88' lang='grc' dir='ltr'><strong>ΙΙ</strong></span> <span class='ocrx_word' id='word_1_252' title='bbox 302 3333 335 3381; x_wconf 87' lang='grc'><strong>19</strong></span> <span class='ocrx_word' id='word_1_253' title='bbox 354 3331 511 3382; x_wconf 84' lang='lat' dir='ltr'><strong>consortem</strong></span> <span class='ocrx_word' id='word_1_254' title='bbox 530 3330 570 3384; x_wconf 84' lang='lat' dir='ltr'><strong>cd.</strong></span> <span class='ocrx_word' id='word_1_255' title='bbox 580 3347 626 3399; x_wconf 82' lang='lat' dir='ltr'><strong>pr.</strong></span> <span class='ocrx_word' id='word_1_256' title='bbox 642 3332 670 3385; x_wconf 92' lang='lat' dir='ltr'><strong><em>A</em></strong></span> <span class='ocrx_word' id='word_1_257' title='bbox 687 3348 756 3386; x_wconf 77' lang='lat' dir='ltr'><strong>corr.</strong></span> <span class='ocrx_word' id='word_1_258' title='bbox 772 3333 958 3403; x_wconf 72' lang='lat' dir='ltr'><strong>Morpapniue</strong></span> <span class='ocrx_word' id='word_1_259' title='bbox 991 3333 995 3404; x_wconf 93' lang='grc' dir='ltr'>Ι</span> <span class='ocrx_word' id='word_1_260' title='bbox 1027 3333 1168 3389; x_wconf 83' lang='lat' dir='ltr'><strong>laudabile</strong></span> 
     </span>
    </p>
   </div>
   <div class='ocr_carea' id='block_1_8' title="bbox 150 3397 1170 3523">
    <p class='ocr_par' dir='ltr' id='par_1_8' title="bbox 150 3397 1170 3523">
     <span class='ocr_line' id='line_1_35' title="bbox 150 3397 1170 3523; baseline 0.011 -74"><span class='ocrx_word' id='word_1_261' title='bbox 150 3397 272 3520; x_wconf 46' lang='lat' dir='ltr'><strong>peperit?</strong></span> <span class='ocrx_word' id='word_1_262' title='bbox 286 3399 337 3480; x_wconf 60' lang='lat' dir='ltr'><strong>All</strong></span> <span class='ocrx_word' id='word_1_263' title='bbox 351 3404 392 3523; x_wconf 46' lang='lat' dir='ltr'><strong>ap)</strong></span> <span class='ocrx_word' id='word_1_264' title='bbox 399 3414 501 3454; x_wconf 89' lang='lat' dir='ltr'><strong>nomen</strong></span> <span class='ocrx_word' id='word_1_265' title='bbox 515 3401 554 3454; x_wconf 86' lang='lat' dir='ltr'><strong>ed.</strong></span> <span class='ocrx_word' id='word_1_266' title='bbox 565 3419 610 3470; x_wconf 81' lang='lat' dir='ltr'><strong>pr.</strong></span> <span class='ocrx_word' id='word_1_267' title='bbox 619 3403 647 3456; x_wconf 83' lang='lat' dir='ltr'><strong><em>A</em></strong></span> <span class='ocrx_word' id='word_1_268' title='bbox 660 3418 729 3457; x_wconf 85' lang='lat' dir='ltr'><strong>corr.</strong></span> <span class='ocrx_word' id='word_1_269' title='bbox 745 3405 837 3474; x_wconf 74' lang='lat' dir='ltr'><strong>Morq.</strong></span> <span class='ocrx_word' id='word_1_270' title='bbox 851 3406 861 3472; x_wconf 77' lang='grc' dir='ltr'><strong>ΙΙ</strong></span> <span class='ocrx_word' id='word_1_271' title='bbox 875 3408 909 3457; x_wconf 77' lang='grc'><strong>23</strong></span> <span class='ocrx_word' id='word_1_272' title='bbox 923 3406 1039 3483; x_wconf 81' lang='lat' dir='ltr'><strong>maneat</strong></span> <span class='ocrx_word' id='word_1_273' title='bbox 1052 3407 1093 3461; x_wconf 81' lang='lat' dir='ltr'><strong>ed.</strong></span> <span class='ocrx_word' id='word_1_274' title='bbox 1104 3403 1170 3476; x_wconf 56' lang='lat' dir='ltr'><strong>prati</strong></span> 
     </span>
     <span class='ocr_line' id='line_1_36' title="bbox 204 3484 431 3523; baseline 0.022 -3"><span class='ocrx_word' id='word_1_275' title='bbox 204 3484 257 3521; x_wconf 87' lang='lat' dir='ltr'><strong>con</strong></span> <span class='ocrx_word' id='word_1_276' title='bbox 269 3484 345 3523; x_wconf 84' lang='lat' dir='ltr'><strong>rana</strong></span> <span class='ocrx_word' id='word_1_277' title='bbox 428 3494 431 3498; x_wconf 93' lang='lat'>·</span> 
     </span>
    </p>
   </div>
   <div class='ocr_carea' id='block_1_9' title="bbox 222 3519 1110 3609">
    <p class='ocr_par' dir='ltr' id='par_1_9' title="bbox 222 3519 1110 3609">
     <span class='ocr_line' id='line_1_37' title="bbox 222 3519 1110 3609; baseline 0.008 -18"><span class='ocrx_word' id='word_1_278' title='bbox 222 3543 256 3592; x_wconf 79' lang='lat'><strong>28</strong></span> <span class='ocrx_word' id='word_1_279' title='bbox 274 3540 420 3607; x_wconf 88' lang='lat' dir='ltr'><strong>pervidere</strong></span> <span class='ocrx_word' id='word_1_280' title='bbox 440 3540 467 3593; x_wconf 93' lang='lat' dir='ltr'><strong><em>A</em></strong></span> <span class='ocrx_word' id='word_1_281' title='bbox 492 3541 496 3609; x_wconf 92' lang='grc'>1</span> <span class='ocrx_word' id='word_1_282' title='bbox 525 3541 730 3597; x_wconf 84' lang='lat' dir='ltr'><strong>calidissimum</strong></span> <span class='ocrx_word' id='word_1_283' title='bbox 750 3545 842 3609; x_wconf 81' lang='lat' dir='ltr'><strong>cubile</strong></span> <span class='ocrx_word' id='word_1_284' title='bbox 861 3519 1011 3602; x_wconf 83' lang='lat' dir='ltr'><strong>muniatur</strong></span> <span class='ocrx_word' id='word_1_285' title='bbox 1025 3551 1053 3604; x_wconf 91' lang='lat' dir='ltr'><strong><em>P</em></strong></span> <span class='ocrx_word' id='word_1_286' title='bbox 1075 3588 1077 3592; x_wconf 82' lang='lat'>.</span> <span class='ocrx_word' id='word_1_287' title='bbox 1101 3589 1110 3598; x_wconf 92' lang='lat'><strong>..</strong></span> 
     </span>
    </p>
   </div>
   <div class='ocr_carea' id='block_1_10' title="bbox 0 0 1281 3892">
    <p class='ocr_par' dir='ltr' id='par_1_10' title="bbox 0 0 1281 3892">
     <span class='ocr_line' id='line_1_38' title="bbox 0 0 1281 3892; baseline 0 0"><span class='ocrx_word' id='word_1_288' title='bbox 0 0 1281 3892; x_wconf 95' lang='lat' dir='ltr'><strong> </strong></span> 
     </span>
    </p>
   </div>
  </div>
 </body>
</html>
