2509 3892
438 181 577 237 MVLOM.
596 182 622 235 11
642 187 746 236 77-79
1032 183 1096 249 165

158 433 360 500 LXXVIII.
383 433 421 500 Si
437 454 585 516 percum
606 456 686 499 oceo
708 435 813 500 otoordi
833 456 896 501 nce
913 437 1021 519 possit.

151 562 278 642 Sanguis
296 564 445 623 interdum
461 566 587 623 nimium
602 584 657 641 per
669 584 785 639 venam,
804 583 871 624 cum
889 585 1027 642 percussa
1058 558 1204 655 Q‘sffff·

90 653 179 711 fuerit
197 656 227 712 et
245 653 345 712 claudi
362 673 419 712 non
439 656 579 729 potuerit,
603 657 741 730 erumpit.
782 654 956 713 Remedium
974 658 1027 731 est,

88 744 199 801 stercus
221 744 316 818 ipsius
344 742 481 803 animalis
508 762 705 820 superponere
734 743 895 803 fluentibus
922 746 1018 803 venis:
1046 747 1099 802 aut

63 832 113 890 ssi
140 833 387 907 perseveraverit,
418 834 466 891 uri
497 834 629 892 cauterio
659 832 823 907 subtiliter,
856 852 893 891 ne
922 835 1007 892 nervi
1037 834 1098 892 lae·

86 918 203 979 dantur.
249 920 389 979 Flcccum
418 923 510 980 etiam
531 924 659 981 tomenti
688 923 752 981 oleo
782 923 910 981 tinctum
931 941 1024 982 venae
1047 923 1098 981 ad-

86 1012 212 1068 moveto.
244 1010 347 1068 Etiam
365 1028 460 1069 assem
477 1010 609 1090 ligneum
627 1013 660 1068 in
678 1030 763 1086 vena,
782 1031 841 1088 qua
855 1013 975 1089 sanguis
994 1011 1099 1086 effluit,

85 1099 171 1173 ponis
195 1100 226 1157 et
248 1099 338 1176 ligas:
360 1118 499 1175 praesens
523 1103 568 1159 est
588 1099 760 1159 remedium.

282 1324 446 1390 LXXIX.
469 1325 519 1391 Dc
540 1326 753 1407 indignatione
774 1325 897 1391 ocsioce

54 1472 77 1513 rc
151 1454 278 1513 Vesicae
294 1454 462 1534 indignatio
486 1456 645 1534 generetur
663 1475 698 1514 ex
719 1457 857 1532 plurimis
879 1458 975 1515 causis
998 1459 1029 1515 et
1059 1447 1204 1543 fflffgnffl

88 1546 209 1619 propter
223 1544 327 1603 urinae
341 1544 549 1604 difficultatem
567 1545 762 1622 celerrimum,
779 1546 871 1603 immo
889 1563 1027 1621 praesens

89 1630 244 1690 discrimen
262 1634 414 1709 importat.
450 1633 495 1692 De
514 1652 574 1709 qua
592 1633 758 1693 valitudine
776 1634 947 1713 diligentius
968 1636 1098 1693 tractare

88 1720 237 1796 convenit,
260 1724 295 1781 ut
317 1724 463 1798 passionis
486 1725 655 1801 competens
678 1722 793 1782 medela
815 1725 975 1783 succurrat.
1016 1722 1097 1793 Quae

86 1808 130 1869 his
153 1811 327 1888 agnoscitur
353 1812 459 1889 signis:
488 1811 619 1890 mingere
647 1831 707 1870 non
732 1813 857 1890 poterit,
884 1812 984 1873 omnia
1012 1832 1098 1872 crura

53 1897 256 1974 rsfiectentur,
285 1902 419 1959 ventrem
442 1900 574 1959 demittit
597 1902 635 1959 ad
662 1904 780 1960 terram.
826 1902 867 1961 llt
889 1902 916 1961 si
938 1900 1132 1960 difficulter2

87 1990 210 2065 ningat,
230 1988 351 2064 dysuria
370 1989 552 2067 appellatur,
575 1989 600 2049 si
621 1990 741 2067 quando
759 1992 860 2069 guttas
878 2011 932 2067 per
949 1993 1098 2049 veretrum
1214 2047 1217 2052 4

86 2079 181 2136 mittit
204 2095 271 2136 cum
293 2078 409 2153 labore,
431 2077 602 2157 stranguria
624 2078 746 2138 dicitur:
774 2098 841 2138 cum
863 2082 896 2137 in
918 2081 1016 2138 totum
1038 2098 1098 2139 non

86 2169 184 2241 potest
206 2167 350 2244 mingere,
375 2167 507 2227 ischuria
529 2168 712 2244 appellatur,
740 2171 770 2227 et
791 2169 909 2227 vicinus
932 2170 977 2228 est
999 2168 1097 2226 morti.

87 2255 213 2331 Propter
235 2275 325 2331 quam
348 2258 548 2316 extensionem
579 2256 734 2317 tubercula
762 2259 925 2316 nascuntur
946 2259 979 2314 in
1001 2256 1098 2330 dorse,

53 2347 116 2403 icet
143 2344 329 2421 praefocatio
359 2346 438 2405 circa
466 2347 566 2405 fauces
596 2365 631 2404 ex
661 2346 761 2405 dolore
790 2348 911 2405 ventris.
957 2342 1013 2403 Oui
1040 2344 1131 2403 hac3

158 2572 174 2621 2
188 2567 246 2622 Pel.
257 2585 280 2621 c.
291 2572 350 2622 310.
407 2573 423 2622 6
437 2567 494 2622 Pel.
506 2585 528 2622 c.
540 2573 599 2622 311.
658 2574 691 2621 14
706 2567 778 2621 Ohir.
789 2584 811 2622 c.
822 2573 874 2622 457
890 2567 924 2621 cf.
935 2567 992 2622 Pel.
1003 2583 1025 2620 c.
1038 2572 1098 2623 152.

87 2696 298 2704 -ψ

159 2785 174 2833 2
195 2780 218 2833 si
237 2798 257 2834 s.
273 2780 291 2833 i.
306 2780 565 2851 nimis..erumpat
582 2782 722 2851 cd.pr.A
742 2785 746 2852 Ι
766 2782 885 2836 nimium
903 2784 1046 2851 omitt
1065 2785 1098 2835 ut

88 2851 120 2905 cl.
135 2867 192 2905 non
205 2852 295 2921 possit
310 2853 351 2907 cd.
362 2870 407 2922 pr.
422 2855 484 2909 AP
500 2856 510 2924 ss
530 2859 546 2906 4
566 2869 590 2906 a.
606 2852 853 2922 superfluentibus
867 2872 890 2907 v.
906 2854 933 2906 L
954 2855 964 2924 ΙΙ
987 2859 1097 2907 tmere

88 2924 280 2991 edocuere
299 2925 361 2978 ΑΡ
391 2926 400 2994 ΙΙ
437 2931 452 2978 6
475 2923 594 2978 tomenti
612 2926 708 2980 PPot.
732 2925 852 2979 tumenti
875 2925 902 2978 L
927 2941 989 2979 com
1009 2925 1097 2980 etenti

87 2995 126 3049 ed.
137 3010 181 3063 pr.
202 2995 286 3049 coniti
304 2995 332 3048 A
357 2997 361 3064 Ι
385 2995 456 3050 bene
475 2995 619 3049 admonito
638 2995 665 3048 L
678 2998 688 3065 l
706 3001 720 3048 ‘1
741 2996 827 3050 etiam
845 3013 895 3051 oin.
911 2996 938 3049 L
962 2999 966 3065 Ι
1004 2996 1010 3007 “
1033 3012 1097 3050 eum

88 3067 126 3121 ed.
136 3082 181 3133 pr.
197 3067 257 3120 ΑΡ
270 3065 274 3138 Ι
289 3066 405 3135 profluit
422 3067 462 3122 ed.
473 3084 518 3137 pr.
537 3066 659 3136 profluat
677 3067 705 3121 A

157 3141 191 3190 10
209 3136 337 3205 pluribus
356 3140 385 3193 P
405 3139 409 3207 t
431 3140 460 3192 ct
478 3137 506 3190 L
524 3154 580 3207 qna
598 3138 638 3192 cd.
649 3154 693 3207 pr.
709 3154 759 3193 om.
774 3139 855 3208 APu
870 3143 902 3192 11
922 3138 1097 3193 celerrimum

88 3225 136 3263 oia.
151 3207 191 3261 cd.
202 3224 247 3291 pr.
262 3209 326 3264 AP
345 3211 355 3279 fl
378 3208 581 3280 indiligenter
602 3209 719 3262 tractari
742 3210 781 3264 cd.
791 3227 837 3279 pr.
857 3211 885 3264 A
898 3210 1068 3279 (tractaturi)
1088 3212 1096 3278 l

90 3285 121 3333 13
138 3280 263 3348 pass1cni
276 3281 317 3334 cd.
328 3297 372 3349 pr.
386 3283 396 3348 ΙΙ
411 3285 444 3334 15
463 3280 617 3335 dimittitur
629 3282 726 3334 venter
738 3282 778 3336 cd.
790 3298 834 3351 pr.
849 3283 928 3350 APl
943 3283 1032 3335 terras
1046 3281 1074 3334 A

90 3356 121 3405 16
137 3351 241 3421 mingIt
262 3351 302 3406 cd.
314 3368 358 3420 pr.
374 3353 402 3405 A
435 3354 439 3420 Ι
474 3350 522 3406 sed
542 3369 587 3420 qu.
606 3353 647 3406 ed.
658 3370 702 3421 pr.
718 3354 746 3406 A
776 3355 850 3476 {gli
869 3352 959 3406 mittit
977 3368 1027 3406 om.
1042 3351 1069 3403 L

90 3427 191 3476 17-18
209 3422 378 3492 stranguilia
400 3422 504 3477 dicitur
525 3423 575 3492 qui
591 3423 644 3476 vic.
665 3425 707 3477 est
724 3440 760 3475 m.
837 3425 846 3492 ΙΙ
881 3428 913 3477 17
933 3422 1001 3491 quin
1019 3424 1096 3477 totus

89 3496 156 3548 AM
167 3496 176 3563 ΙΙ
192 3499 224 3548 18
239 3492 344 3548 discria
353 3496 382 3549 P
393 3493 514 3549 dissuria
527 3496 555 3549 A
569 3494 684 3563 dysuria
698 3495 737 3549 ed.
744 3512 789 3565 pr.
804 3511 871 3549 corr.
889 3496 955 3549 Mor
972 3496 1074 3563 apcius
1086 3494 1097 3567 ΙΙ

90 3570 121 3619 19
138 3582 179 3635 pr.
194 3566 268 3635 quod
288 3566 462 3621 extensiones
481 3569 510 3620 et
527 3565 586 3621 tub.
601 3567 641 3621 cd.
652 3583 697 3636 pr.
717 3566 842 3620 extensio
861 3567 904 3619 est
920 3512 979 3620 tul.
994 3565 1055 3621 AP
