<?xml version="1.0" encoding="UTF-8"?>
<!DOCTYPE html PUBLIC "-//W3C//DTD XHTML 1.0 Transitional//EN"
    "http://www.w3.org/TR/xhtml1/DTD/xhtml1-transitional.dtd">
<html xmlns="http://www.w3.org/1999/xhtml" xml:lang="en" lang="en">
 <head>
  <title>
</title>
<meta http-equiv="Content-Type" content="text/html;charset=utf-8" />
  <meta name='ocr-system' content='tesseract 3.04.00' />
  <meta name='ocr-capabilities' content='ocr_page ocr_carea ocr_par ocr_line ocrx_word'/>
</head>
<body>
  <div class='ocr_page' id='page_1' title='image "./pvegetirenatidi00lommgoog/pvegetirenatidi00lommgoog_0092.png"; bbox 0 0 2509 3892; ppageno 0'>
   <div class='ocr_carea' id='block_1_1' title="bbox 215 179 787 266">
    <p class='ocr_par' dir='ltr' id='par_1_1' title="bbox 215 179 787 266">
     <span class='ocr_line' id='line_1_1' title="bbox 215 179 787 266; baseline 0 -14"><span class='ocrx_word' id='word_1_1' title='bbox 215 179 257 266; x_wconf 82' lang='lat'>38</span> <span class='ocrx_word' id='word_1_2' title='bbox 651 199 787 253; x_wconf 77' lang='lat' dir='ltr'>uncum</span> 
     </span>
    </p>
   </div>
   <div class='ocr_carea' id='block_1_2' title="bbox 1242 293 1245 330">
    <p class='ocr_par' dir='ltr' id='par_1_2' title="bbox 1242 293 1245 330">
     <span class='ocr_line' id='line_1_2' title="bbox 1242 293 1245 330; baseline 0 0"><span class='ocrx_word' id='word_1_3' title='bbox 1242 293 1245 330; x_wconf 85' lang='grc'>1</span> 
     </span>
    </p>
   </div>
   <div class='ocr_carea' id='block_1_3' title="bbox 158 365 1246 2137">
    <p class='ocr_par' dir='ltr' id='par_1_3' title="bbox 158 365 1246 2137">
     <span class='ocr_line' id='line_1_3' title="bbox 211 365 1245 445; baseline -0.006 -15"><span class='ocrx_word' id='word_1_4' title='bbox 211 372 382 445; x_wconf 87' lang='lat' dir='ltr'>buscunquc</span> <span class='ocrx_word' id='word_1_5' title='bbox 413 369 487 428; x_wconf 87' lang='lat' dir='ltr'>locis</span> <span class='ocrx_word' id='word_1_6' title='bbox 517 387 547 428; x_wconf 85' lang='lat' dir='ltr'>se</span> <span class='ocrx_word' id='word_1_7' title='bbox 581 368 700 427; x_wconf 84' lang='lat' dir='ltr'>morbus</span> <span class='ocrx_word' id='word_1_8' title='bbox 730 368 906 442; x_wconf 88' lang='lat' dir='ltr'>ostenderit,</span> <span class='ocrx_word' id='word_1_9' title='bbox 940 369 967 428; x_wconf 90' lang='lat' dir='ltr'>si</span> <span class='ocrx_word' id='word_1_10' title='bbox 996 370 1029 427; x_wconf 91' lang='lat' dir='ltr'>in</span> <span class='ocrx_word' id='word_1_11' title='bbox 1063 367 1161 443; x_wconf 82' lang='lat' dir='ltr'>capite</span> <span class='ocrx_word' id='word_1_12' title='bbox 1188 365 1245 424; x_wconf 70' lang='lat' dir='ltr'>dei</span> 
     </span>
     <span class='ocr_line' id='line_1_4' title="bbox 211 435 1245 533; baseline -0.003 -17"><span class='ocrx_word' id='word_1_13' title='bbox 211 460 301 533; x_wconf 81' lang='lat' dir='ltr'>fecie,</span> <span class='ocrx_word' id='word_1_14' title='bbox 327 459 353 517; x_wconf 91' lang='lat' dir='ltr'>si</span> <span class='ocrx_word' id='word_1_15' title='bbox 374 460 408 515; x_wconf 94' lang='lat' dir='ltr'>in</span> <span class='ocrx_word' id='word_1_16' title='bbox 429 459 535 533; x_wconf 88' lang='lat' dir='ltr'>primis</span> <span class='ocrx_word' id='word_1_17' title='bbox 558 458 693 532; x_wconf 78' lang='lat' dir='ltr'>partibus</span> <span class='ocrx_word' id='word_1_18' title='bbox 717 457 752 516; x_wconf 91' lang='lat' dir='ltr'>de</span> <span class='ocrx_word' id='word_1_19' title='bbox 781 456 884 533; x_wconf 85' lang='lat' dir='ltr'>ermis,</span> <span class='ocrx_word' id='word_1_20' title='bbox 908 457 989 516; x_wconf 85' lang='lat' dir='ltr'>siin</span> <span class='ocrx_word' id='word_1_21' title='bbox 1012 455 1216 533; x_wconf 74' lang='lat' dir='ltr'>posterioribus</span> <span class='ocrx_word' id='word_1_22' title='bbox 1240 435 1245 466; x_wconf 70' lang='lat'><strong>¹</strong></span> 
     </span>
     <span class='ocr_line' id='line_1_5' title="bbox 212 545 1217 623; baseline -0.004 -17"><span class='ocrx_word' id='word_1_23' title='bbox 212 548 248 606; x_wconf 88' lang='lat' dir='ltr'>de</span> <span class='ocrx_word' id='word_1_24' title='bbox 271 548 359 620; x_wconf 83' lang='lat' dir='ltr'>coxis,</span> <span class='ocrx_word' id='word_1_25' title='bbox 382 548 505 623; x_wconf 79' lang='lat' dir='ltr'>sanguis</span> <span class='ocrx_word' id='word_1_26' title='bbox 529 550 574 605; x_wconf 86' lang='lat' dir='ltr'>est</span> <span class='ocrx_word' id='word_1_27' title='bbox 597 546 774 606; x_wconf 84' lang='lat' dir='ltr'>auferendus</span> <span class='ocrx_word' id='word_1_28' title='bbox 798 549 828 605; x_wconf 90' lang='lat' dir='ltr'>et</span> <span class='ocrx_word' id='word_1_29' title='bbox 851 565 919 605; x_wconf 90' lang='lat' dir='ltr'>cum</span> <span class='ocrx_word' id='word_1_30' title='bbox 942 549 1026 606; x_wconf 79' lang='lat' dir='ltr'>aceto</span> <span class='ocrx_word' id='word_1_31' title='bbox 1050 545 1217 614; x_wconf 89' lang='lat' dir='ltr'>miscendus,</span> 
     </span>
     <span class='ocr_line' id='line_1_6' title="bbox 159 633 1217 711; baseline -0.004 -16"><span class='ocrx_word' id='word_1_32' title='bbox 159 638 328 711; x_wconf 82' lang='lat' dir='ltr'>14sxquo</span> <span class='ocrx_word' id='word_1_33' title='bbox 355 635 468 694; x_wconf 81' lang='lat' dir='ltr'>animal</span> <span class='ocrx_word' id='word_1_34' title='bbox 494 637 678 711; x_wconf 83' lang='lat' dir='ltr'>perfricetur.</span> <span class='ocrx_word' id='word_1_35' title='bbox 722 633 777 693; x_wconf 80' lang='lat' dir='ltr'>(lui</span> <span class='ocrx_word' id='word_1_36' title='bbox 803 636 876 694; x_wconf 82' lang='lat' dir='ltr'>heec</span> <span class='ocrx_word' id='word_1_37' title='bbox 903 654 958 711; x_wconf 88' lang='lat' dir='ltr'>per</span> <span class='ocrx_word' id='word_1_38' title='bbox 983 635 1122 694; x_wconf 90' lang='lat' dir='ltr'>triduum</span> <span class='ocrx_word' id='word_1_39' title='bbox 1144 634 1217 711; x_wconf 87' lang='lat' dir='ltr'>potio</span> 
     </span>
     <span class='ocr_line' id='line_1_7' title="bbox 211 707 1244 802; baseline -0.004 -19"><span class='ocrx_word' id='word_1_40' title='bbox 211 725 343 784; x_wconf 81' lang='lat' dir='ltr'>dabitur:</span> <span class='ocrx_word' id='word_1_41' title='bbox 379 727 502 801; x_wconf 81' lang='lat' dir='ltr'>punecis</span> <span class='ocrx_word' id='word_1_42' title='bbox 542 724 672 784; x_wconf 85' lang='lat' dir='ltr'>redicem</span> <span class='ocrx_word' id='word_1_43' title='bbox 710 726 813 783; x_wconf 81' lang='lat' dir='ltr'>uncins</span> <span class='ocrx_word' id='word_1_44' title='bbox 841 724 899 799; x_wconf 91' lang='lat' dir='ltr'>HI,</span> <span class='ocrx_word' id='word_1_45' title='bbox 941 725 1060 802; x_wconf 79' lang='lat' dir='ltr'>eryngii</span> <span class='ocrx_word' id='word_1_46' title='bbox 1095 707 1244 792; x_wconf 70' lang='lat' dir='ltr'>radiceni</span> 
     </span>
     <span class='ocr_line' id='line_1_8' title="bbox 164 797 1244 894; baseline -0.004 -20"><span class='ocrx_word' id='word_1_47' title='bbox 164 806 168 814; x_wconf 52' lang='lat'>¹</span> <span class='ocrx_word' id='word_1_48' title='bbox 209 815 348 891; x_wconf 90' lang='lat' dir='ltr'>ponderis</span> <span class='ocrx_word' id='word_1_49' title='bbox 371 815 451 873; x_wconf 76' lang='lat' dir='ltr'>tenti</span> <span class='ocrx_word' id='word_1_50' title='bbox 474 806 632 894; x_wconf 79' lang='lat' dir='ltr'>(eryngion</span> <span class='ocrx_word' id='word_1_51' title='bbox 656 815 756 872; x_wconf 84' lang='lat' dir='ltr'>cutem</span> <span class='ocrx_word' id='word_1_52' title='bbox 774 813 865 872; x_wconf 82' lang='lat' dir='ltr'>herbe</span> <span class='ocrx_word' id='word_1_53' title='bbox 888 813 1072 886; x_wconf 86' lang='lat' dir='ltr'>meliorest,</span> <span class='ocrx_word' id='word_1_54' title='bbox 1096 813 1218 888; x_wconf 78' lang='lat' dir='ltr'>quasin</span> <span class='ocrx_word' id='word_1_55' title='bbox 1242 797 1244 882; x_wconf 71' lang='grc'>1</span> 
     </span>
     <span class='ocr_line' id='line_1_9' title="bbox 209 899 1244 980; baseline -0.001 -18"><span class='ocrx_word' id='word_1_56' title='bbox 209 906 297 964; x_wconf 87' lang='lat' dir='ltr'>litore</span> <span class='ocrx_word' id='word_1_57' title='bbox 327 903 426 962; x_wconf 84' lang='lat' dir='ltr'>vicina</span> <span class='ocrx_word' id='word_1_58' title='bbox 455 904 578 962; x_wconf 79' lang='lat' dir='ltr'>marinis</span> <span class='ocrx_word' id='word_1_59' title='bbox 608 902 748 961; x_wconf 89' lang='lat' dir='ltr'>fluctibus</span> <span class='ocrx_word' id='word_1_60' title='bbox 778 904 924 976; x_wconf 82' lang='lat' dir='ltr'>nascitur,</span> <span class='ocrx_word' id='word_1_61' title='bbox 953 902 1064 961; x_wconf 78' lang='lat' dir='ltr'>carduo</span> <span class='ocrx_word' id='word_1_62' title='bbox 1096 899 1218 961; x_wconf 83' lang='lat' dir='ltr'>silvestri</span> <span class='ocrx_word' id='word_1_63' title='bbox 1243 907 1244 980; x_wconf 62' lang='grc'>1</span> 
     </span>
     <span class='ocr_line' id='line_1_10' title="bbox 209 991 1244 1070; baseline -0.002 -19"><span class='ocrx_word' id='word_1_64' title='bbox 209 1013 303 1070; x_wconf 77' lang='lat' dir='ltr'>paens</span> <span class='ocrx_word' id='word_1_65' title='bbox 327 993 447 1066; x_wconf 87' lang='lat' dir='ltr'>similis,</span> <span class='ocrx_word' id='word_1_66' title='bbox 470 992 541 1050; x_wconf 87' lang='lat' dir='ltr'>floro</span> <span class='ocrx_word' id='word_1_67' title='bbox 564 991 700 1068; x_wconf 81' lang='lat' dir='ltr'>galbino,</span> <span class='ocrx_word' id='word_1_68' title='bbox 727 992 811 1050; x_wconf 90' lang='lat' dir='ltr'>cuius</span> <span class='ocrx_word' id='word_1_69' title='bbox 834 991 980 1049; x_wconf 84' lang='lat' dir='ltr'>eruendae</span> <span class='ocrx_word' id='word_1_70' title='bbox 1010 994 1082 1050; x_wconf 90' lang='lat' dir='ltr'>sunt</span> <span class='ocrx_word' id='word_1_71' title='bbox 1104 991 1217 1062; x_wconf 77' lang='lat' dir='ltr'>radices,</span> <span class='ocrx_word' id='word_1_72' title='bbox 1243 993 1244 1040; x_wconf 64' lang='grc' dir='ltr'>ἐ</span> 
     </span>
     <span class='ocr_line' id='line_1_11' title="bbox 210 1071 1245 1161; baseline -0.001 -21"><span class='ocrx_word' id='word_1_73' title='bbox 210 1101 281 1141; x_wconf 83' lang='lat' dir='ltr'>nem</span> <span class='ocrx_word' id='word_1_74' title='bbox 303 1083 422 1157; x_wconf 83' lang='lat' dir='ltr'>longius</span> <span class='ocrx_word' id='word_1_75' title='bbox 445 1083 601 1156; x_wconf 75' lang='lat' dir='ltr'>penetrare</span> <span class='ocrx_word' id='word_1_76' title='bbox 626 1071 781 1161; x_wconf 84' lang='lat' dir='ltr'>dicuntur)</span> <span class='ocrx_word' id='word_1_77' title='bbox 805 1079 929 1138; x_wconf 79' lang='lat' dir='ltr'>feniculi</span> <span class='ocrx_word' id='word_1_78' title='bbox 957 1099 1078 1156; x_wconf 91' lang='lat' dir='ltr'>quoque</span> <span class='ocrx_word' id='word_1_79' title='bbox 1107 1080 1216 1139; x_wconf 82' lang='lat' dir='ltr'>seminis</span> <span class='ocrx_word' id='word_1_80' title='bbox 1240 1081 1245 1122; x_wconf 65' lang='lat'>·&#39;</span> 
     </span>
     <span class='ocr_line' id='line_1_12' title="bbox 209 1127 1245 1242; baseline -0.002 -13"><span class='ocrx_word' id='word_1_81' title='bbox 209 1170 312 1229; x_wconf 77' lang='lat' dir='ltr'>uncins</span> <span class='ocrx_word' id='word_1_82' title='bbox 335 1169 392 1242; x_wconf 81' lang='grc' dir='ltr'>ΠΙ,</span> <span class='ocrx_word' id='word_1_83' title='bbox 415 1171 495 1228; x_wconf 82' lang='lat' dir='ltr'>aloes</span> <span class='ocrx_word' id='word_1_84' title='bbox 517 1171 605 1228; x_wconf 80' lang='lat' dir='ltr'>uncis</span> <span class='ocrx_word' id='word_1_85' title='bbox 627 1188 688 1227; x_wconf 83' lang='lat' dir='ltr'>una</span> <span class='ocrx_word' id='word_1_86' title='bbox 711 1169 812 1227; x_wconf 88' lang='lat' dir='ltr'>semis:</span> <span class='ocrx_word' id='word_1_87' title='bbox 835 1172 959 1228; x_wconf 80' lang='lat' dir='ltr'>contuse</span> <span class='ocrx_word' id='word_1_88' title='bbox 983 1172 1012 1228; x_wconf 87' lang='lat' dir='ltr'>et</span> <span class='ocrx_word' id='word_1_89' title='bbox 1040 1169 1175 1228; x_wconf 75' lang='lat' dir='ltr'>cribrata</span> <span class='ocrx_word' id='word_1_90' title='bbox 1193 1127 1245 1238; x_wconf 58' lang='lat' dir='ltr'>ini</span> 
     </span>
     <span class='ocr_line' id='line_1_13' title="bbox 208 1257 1245 1338; baseline -0.005 -21"><span class='ocrx_word' id='word_1_91' title='bbox 208 1263 270 1318; x_wconf 87' lang='lat' dir='ltr'>tres</span> <span class='ocrx_word' id='word_1_92' title='bbox 297 1259 460 1334; x_wconf 79' lang='lat' dir='ltr'>particulas</span> <span class='ocrx_word' id='word_1_93' title='bbox 484 1259 668 1332; x_wconf 75' lang='lat' dir='ltr'>dividentur,</span> <span class='ocrx_word' id='word_1_94' title='bbox 696 1261 727 1316; x_wconf 87' lang='lat' dir='ltr'>et</span> <span class='ocrx_word' id='word_1_95' title='bbox 754 1275 822 1316; x_wconf 90' lang='lat' dir='ltr'>cum</span> <span class='ocrx_word' id='word_1_96' title='bbox 844 1257 926 1316; x_wconf 85' lang='lat' dir='ltr'>fricti</span> <span class='ocrx_word' id='word_1_97' title='bbox 956 1261 986 1317; x_wconf 87' lang='lat' dir='ltr'>et</span> <span class='ocrx_word' id='word_1_98' title='bbox 1008 1259 1110 1318; x_wconf 88' lang='lat' dir='ltr'>moliti</span> <span class='ocrx_word' id='word_1_99' title='bbox 1134 1258 1217 1317; x_wconf 81' lang='lat' dir='ltr'>tritici</span> <span class='ocrx_word' id='word_1_100' title='bbox 1239 1259 1245 1338; x_wconf 83' lang='grc'>1</span> 
     </span>
     <span class='ocr_line' id='line_1_14' title="bbox 210 1347 1245 1422; baseline -0.005 -16"><span class='ocrx_word' id='word_1_101' title='bbox 210 1349 325 1406; x_wconf 79' lang='lat' dir='ltr'>scrineo</span> <span class='ocrx_word' id='word_1_102' title='bbox 354 1349 483 1406; x_wconf 78' lang='lat' dir='ltr'>sextario</span> <span class='ocrx_word' id='word_1_103' title='bbox 506 1348 645 1407; x_wconf 75' lang='lat' dir='ltr'>candenti</span> <span class='ocrx_word' id='word_1_104' title='bbox 672 1366 752 1422; x_wconf 82' lang='lat' dir='ltr'>eque</span> <span class='ocrx_word' id='word_1_105' title='bbox 774 1348 917 1406; x_wconf 89' lang='lat' dir='ltr'>miscetur</span> <span class='ocrx_word' id='word_1_106' title='bbox 945 1349 977 1406; x_wconf 91' lang='lat' dir='ltr'>et</span> <span class='ocrx_word' id='word_1_107' title='bbox 999 1347 1038 1406; x_wconf 83' lang='lat' dir='ltr'>ud</span> <span class='ocrx_word' id='word_1_108' title='bbox 1063 1366 1157 1407; x_wconf 88' lang='lat' dir='ltr'>cornu</span> <span class='ocrx_word' id='word_1_109' title='bbox 1175 1341 1245 1421; x_wconf 68' lang='lat' dir='ltr'>per}</span> 
     </span>
     <span class='ocr_line' id='line_1_15' title="bbox 158 1427 1245 1518; baseline -0.004 -22"><span class='ocrx_word' id='word_1_110' title='bbox 158 1437 310 1496; x_wconf 72' lang='lat' dir='ltr'>lbieuces</span> <span class='ocrx_word' id='word_1_111' title='bbox 332 1436 433 1495; x_wconf 91' lang='lat' dir='ltr'>triduo</span> <span class='ocrx_word' id='word_1_112' title='bbox 457 1435 547 1495; x_wconf 80' lang='lat' dir='ltr'>datur</span> <span class='ocrx_word' id='word_1_113' title='bbox 574 1436 706 1495; x_wconf 76' lang='lat' dir='ltr'>animali.</span> <span class='ocrx_word' id='word_1_114' title='bbox 752 1435 931 1513; x_wconf 77' lang='lat' dir='ltr'>Pelagonius</span> <span class='ocrx_word' id='word_1_115' title='bbox 955 1435 1099 1496; x_wconf 79' lang='lat' dir='ltr'>adversus</span> <span class='ocrx_word' id='word_1_116' title='bbox 1129 1452 1216 1495; x_wconf 87' lang='lat' dir='ltr'>omncs</span> <span class='ocrx_word' id='word_1_117' title='bbox 1240 1427 1245 1518; x_wconf 88' lang='grc'>1</span> 
     </span>
     <span class='ocr_line' id='line_1_16' title="bbox 209 1521 1245 1601; baseline -0.002 -17"><span class='ocrx_word' id='word_1_118' title='bbox 209 1525 327 1584; x_wconf 88' lang='lat' dir='ltr'>morbos</span> <span class='ocrx_word' id='word_1_119' title='bbox 360 1524 596 1584; x_wconf 82' lang='lat' dir='ltr'>efficacissimum</span> <span class='ocrx_word' id='word_1_120' title='bbox 628 1526 782 1601; x_wconf 86' lang='lat' dir='ltr'>pulverem</span> <span class='ocrx_word' id='word_1_121' title='bbox 814 1525 908 1583; x_wconf 86' lang='lat' dir='ltr'>credit</span> <span class='ocrx_word' id='word_1_122' title='bbox 940 1544 1015 1599; x_wconf 87' lang='lat' dir='ltr'>esse,</span> <span class='ocrx_word' id='word_1_123' title='bbox 1050 1528 1080 1585; x_wconf 92' lang='lat' dir='ltr'>si</span> <span class='ocrx_word' id='word_1_124' title='bbox 1111 1521 1245 1601; x_wconf 87' lang='lat' dir='ltr'>pullum!</span> 
     </span>
     <span class='ocr_line' id='line_1_17' title="bbox 210 1599 1245 1689; baseline 0.002 -17"><span class='ocrx_word' id='word_1_125' title='bbox 210 1616 341 1674; x_wconf 79' lang='lat' dir='ltr'>ciconiae</span> <span class='ocrx_word' id='word_1_126' title='bbox 364 1614 495 1673; x_wconf 91' lang='lat' dir='ltr'>nondum</span> <span class='ocrx_word' id='word_1_127' title='bbox 514 1613 609 1673; x_wconf 85' lang='lat' dir='ltr'>edhuc</span> <span class='ocrx_word' id='word_1_128' title='bbox 627 1616 757 1673; x_wconf 83' lang='lat' dir='ltr'>stentem</span> <span class='ocrx_word' id='word_1_129' title='bbox 775 1613 827 1672; x_wconf 88' lang='lat' dir='ltr'>sed</span> <span class='ocrx_word' id='word_1_130' title='bbox 844 1615 906 1672; x_wconf 80' lang='lat' dir='ltr'>inm</span> <span class='ocrx_word' id='word_1_131' title='bbox 919 1614 1039 1689; x_wconf 84' lang='lat' dir='ltr'>plumos</span> <span class='ocrx_word' id='word_1_132' title='bbox 1057 1599 1245 1684; x_wconf 69' lang='lat' dir='ltr'>hebentonun&#39;</span> 
     </span>
     <span class='ocr_line' id='line_1_18' title="bbox 209 1683 1246 1781; baseline -0.004 -20"><span class='ocrx_word' id='word_1_133' title='bbox 209 1705 312 1762; x_wconf 85' lang='lat' dir='ltr'>vivum</span> <span class='ocrx_word' id='word_1_134' title='bbox 329 1705 361 1762; x_wconf 94' lang='lat' dir='ltr'>in</span> <span class='ocrx_word' id='word_1_135' title='bbox 381 1703 503 1761; x_wconf 86' lang='lat' dir='ltr'>fictilem</span> <span class='ocrx_word' id='word_1_136' title='bbox 522 1702 681 1762; x_wconf 79' lang='lat' dir='ltr'><strong>caccabum</strong></span> <span class='ocrx_word' id='word_1_137' title='bbox 700 1704 804 1762; x_wconf 79' lang='lat' dir='ltr'>mittes</span> <span class='ocrx_word' id='word_1_138' title='bbox 825 1705 855 1760; x_wconf 92' lang='lat' dir='ltr'>et</span> <span class='ocrx_word' id='word_1_139' title='bbox 873 1721 989 1781; x_wconf 81' lang='lat' dir='ltr'>gypsos,</span> <span class='ocrx_word' id='word_1_140' title='bbox 1012 1707 1216 1780; x_wconf 86' lang='lat' dir='ltr'>perustumquo</span> <span class='ocrx_word' id='word_1_141' title='bbox 1241 1683 1246 1742; x_wconf 54' lang='lat' dir='ltr'>l</span> 
     </span>
     <span class='ocr_line' id='line_1_19' title="bbox 208 1769 1246 1869; baseline -0.002 -19"><span class='ocrx_word' id='word_1_142' title='bbox 208 1811 319 1867; x_wconf 83' lang='lat' dir='ltr'>vapore</span> <span class='ocrx_word' id='word_1_143' title='bbox 346 1793 427 1850; x_wconf 84' lang='lat' dir='ltr'>furni</span> <span class='ocrx_word' id='word_1_144' title='bbox 452 1794 485 1849; x_wconf 89' lang='lat' dir='ltr'>in</span> <span class='ocrx_word' id='word_1_145' title='bbox 511 1793 665 1867; x_wconf 86' lang='lat' dir='ltr'>pulverem</span> <span class='ocrx_word' id='word_1_146' title='bbox 694 1791 811 1869; x_wconf 81' lang='lat' dir='ltr'>rediges</span> <span class='ocrx_word' id='word_1_147' title='bbox 840 1794 870 1850; x_wconf 92' lang='lat' dir='ltr'>et</span> <span class='ocrx_word' id='word_1_148' title='bbox 898 1791 1005 1851; x_wconf 89' lang='lat' dir='ltr'>tritum</span> <span class='ocrx_word' id='word_1_149' title='bbox 1035 1793 1135 1854; x_wconf 85' lang='lat' dir='ltr'>vitreo</span> <span class='ocrx_word' id='word_1_150' title='bbox 1158 1807 1216 1851; x_wconf 77' lang='lat' dir='ltr'>usse</span> <span class='ocrx_word' id='word_1_151' title='bbox 1241 1769 1246 1822; x_wconf 65' lang='lat' dir='ltr'>i</span> 
     </span>
     <span class='ocr_line' id='line_1_20' title="bbox 209 1881 1216 1959; baseline -0.002 -19"><span class='ocrx_word' id='word_1_152' title='bbox 209 1881 372 1956; x_wconf 79' lang='lat' dir='ltr'>custodies,</span> <span class='ocrx_word' id='word_1_153' title='bbox 404 1881 508 1940; x_wconf 85' lang='lat' dir='ltr'>exinde</span> <span class='ocrx_word' id='word_1_154' title='bbox 538 1881 650 1959; x_wconf 76' lang='lat' dir='ltr'>grande</span> <span class='ocrx_word' id='word_1_155' title='bbox 676 1881 919 1956; x_wconf 78' lang='lat' dir='ltr'>cumulatumque</span> <span class='ocrx_word' id='word_1_156' title='bbox 949 1881 1132 1941; x_wconf 77' lang='lat' dir='ltr'>coclearium</span> <span class='ocrx_word' id='word_1_157' title='bbox 1161 1897 1216 1940; x_wconf 88' lang='lat' dir='ltr'>cum</span> 
     </span>
     <span class='ocr_line' id='line_1_21' title="bbox 208 1969 1216 2047; baseline -0.004 -19"><span class='ocrx_word' id='word_1_158' title='bbox 208 1972 272 2028; x_wconf 85' lang='lat' dir='ltr'>vini</span> <span class='ocrx_word' id='word_1_159' title='bbox 294 1972 423 2030; x_wconf 78' lang='lat' dir='ltr'>sextario</span> <span class='ocrx_word' id='word_1_160' title='bbox 451 1970 589 2029; x_wconf 79' lang='lat' dir='ltr'>animalis</span> <span class='ocrx_word' id='word_1_161' title='bbox 617 1969 753 2029; x_wconf 83' lang='lat' dir='ltr'>faucibus</span> <span class='ocrx_word' id='word_1_162' title='bbox 783 1969 948 2044; x_wconf 81' lang='lat' dir='ltr'>infusurus,</span> <span class='ocrx_word' id='word_1_163' title='bbox 979 1970 1073 2030; x_wconf 91' lang='lat' dir='ltr'>donec</span> <span class='ocrx_word' id='word_1_164' title='bbox 1101 1970 1216 2047; x_wconf 77' lang='lat' dir='ltr'>recipiat</span> 
     </span>
     <span class='ocr_line' id='line_1_22' title="bbox 158 2057 1241 2137; baseline -0.001 -19"><span class='ocrx_word' id='word_1_165' title='bbox 158 2059 197 2118; x_wconf 88' lang='grc'>16</span> <span class='ocrx_word' id='word_1_166' title='bbox 208 2061 378 2119; x_wconf 80' lang='lat' dir='ltr'>sanitatem.</span> <span class='ocrx_word' id='word_1_167' title='bbox 425 2057 535 2118; x_wconf 73' lang='lat' dir='ltr'>Chiron</span> <span class='ocrx_word' id='word_1_168' title='bbox 557 2078 627 2117; x_wconf 86' lang='lat' dir='ltr'>vero</span> <span class='ocrx_word' id='word_1_169' title='bbox 646 2061 765 2135; x_wconf 84' lang='lat' dir='ltr'>practer</span> <span class='ocrx_word' id='word_1_170' title='bbox 788 2059 863 2118; x_wconf 82' lang='lat' dir='ltr'>elios</span> <span class='ocrx_word' id='word_1_171' title='bbox 886 2061 1127 2137; x_wconf 75' lang='lat' dir='ltr'>compositiones,</span> <span class='ocrx_word' id='word_1_172' title='bbox 1151 2071 1241 2136; x_wconf 69' lang='lat' dir='ltr'>quaen</span> 
     </span>
    </p>
   </div>
   <div class='ocr_carea' id='block_1_4' title="bbox 210 2207 1213 2337">
    <p class='ocr_par' dir='ltr' id='par_1_4' title="bbox 210 2207 1213 2337">
     <span class='ocr_line' id='line_1_23' title="bbox 279 2207 1213 2280; baseline -0.002 -16"><span class='ocrx_word' id='word_1_173' title='bbox 279 2211 371 2265; x_wconf 82' lang='lat' dir='ltr'>4Pe1.</span> <span class='ocrx_word' id='word_1_174' title='bbox 387 2228 410 2264; x_wconf 75' lang='grc' dir='ltr'>ο.</span> <span class='ocrx_word' id='word_1_175' title='bbox 426 2217 466 2264; x_wconf 77' lang='lat'>21.</span> <span class='ocrx_word' id='word_1_176' title='bbox 500 2209 697 2280; x_wconf 69' lang='lat' dir='ltr'>Veglvse.</span> <span class='ocrx_word' id='word_1_177' title='bbox 789 2210 1024 2280; x_wconf 45' lang='grc'>61111111.</span> <span class='ocrx_word' id='word_1_178' title='bbox 1119 2218 1152 2267; x_wconf 82' lang='lat'>13</span> <span class='ocrx_word' id='word_1_179' title='bbox 1167 2207 1213 2264; x_wconf 79' lang='lat' dir='ltr'>Pu</span> 
     </span>
     <span class='ocr_line' id='line_1_24' title="bbox 210 2281 726 2337; baseline -0.002 -1"><span class='ocrx_word' id='word_1_180' title='bbox 210 2300 232 2336; x_wconf 91' lang='lat' dir='ltr'>c.</span> <span class='ocrx_word' id='word_1_181' title='bbox 249 2288 290 2337; x_wconf 83' lang='lat'>18.</span> <span class='ocrx_word' id='word_1_182' title='bbox 363 2288 398 2336; x_wconf 75' lang='lat'>20</span> <span class='ocrx_word' id='word_1_183' title='bbox 416 2281 489 2337; x_wconf 81' lang='lat' dir='ltr'>cuir.</span> <span class='ocrx_word' id='word_1_184' title='bbox 506 2299 528 2335; x_wconf 95' lang='lat' dir='ltr'>c.</span> <span class='ocrx_word' id='word_1_185' title='bbox 544 2287 595 2335; x_wconf 86' lang='grc'>199</span> <span class='ocrx_word' id='word_1_186' title='bbox 615 2281 649 2335; x_wconf 85' lang='lat' dir='ltr'>ci.</span> <span class='ocrx_word' id='word_1_187' title='bbox 666 2287 726 2335; x_wconf 79' lang='lat'><strong>812.</strong></span> 
     </span>
    </p>
   </div>
   <div class='ocr_carea' id='block_1_5' title="bbox 207 2440 1214 2654">
    <p class='ocr_par' dir='ltr' id='par_1_5' title="bbox 207 2440 1214 2654">
     <span class='ocr_line' id='line_1_25' title="bbox 280 2440 1214 2513; baseline 0 -16"><span class='ocrx_word' id='word_1_188' title='bbox 280 2450 294 2497; x_wconf 91' lang='lat'>1</span> <span class='ocrx_word' id='word_1_189' title='bbox 314 2443 415 2497; x_wconf 90' lang='lat' dir='ltr'>humor</span> <span class='ocrx_word' id='word_1_190' title='bbox 432 2443 472 2497; x_wconf 87' lang='lat' dir='ltr'>ed.</span> <span class='ocrx_word' id='word_1_191' title='bbox 483 2460 528 2513; x_wconf 78' lang='lat' dir='ltr'>pr.</span> <span class='ocrx_word' id='word_1_192' title='bbox 548 2459 643 2513; x_wconf 75' lang='lat' dir='ltr'>ntorpo</span> <span class='ocrx_word' id='word_1_193' title='bbox 662 2440 697 2494; x_wconf 80' lang='lat' dir='ltr'>sl.</span> <span class='ocrx_word' id='word_1_194' title='bbox 718 2441 829 2495; x_wconf 85' lang='lat' dir='ltr'>morbus</span> <span class='ocrx_word' id='word_1_195' title='bbox 846 2444 850 2510; x_wconf 96' lang='grc'>1</span> <span class='ocrx_word' id='word_1_196' title='bbox 867 2442 991 2496; x_wconf 89' lang='lat' dir='ltr'>ostendit</span> <span class='ocrx_word' id='word_1_197' title='bbox 1009 2443 1049 2497; x_wconf 84' lang='lat' dir='ltr'>ed.</span> <span class='ocrx_word' id='word_1_198' title='bbox 1065 2461 1113 2512; x_wconf 79' lang='lat' dir='ltr'>pr.</span> <span class='ocrx_word' id='word_1_199' title='bbox 1133 2444 1214 2497; x_wconf 79' lang='lat' dir='ltr'>osten·</span> 
     </span>
     <span class='ocr_line' id='line_1_26' title="bbox 208 2511 1214 2584; baseline 0 -17"><span class='ocrx_word' id='word_1_200' title='bbox 208 2515 322 2569; x_wconf 89' lang='lat' dir='ltr'>diturA</span> <span class='ocrx_word' id='word_1_201' title='bbox 337 2517 342 2584; x_wconf 96' lang='grc'>1</span> <span class='ocrx_word' id='word_1_202' title='bbox 357 2517 390 2569; x_wconf 93' lang='lat' dir='ltr'>ut</span> <span class='ocrx_word' id='word_1_203' title='bbox 403 2514 566 2583; x_wconf 79' lang='lat' dir='ltr'>siAcd.pr.</span> <span class='ocrx_word' id='word_1_204' title='bbox 583 2518 587 2580; x_wconf 95' lang='grc'>1</span> <span class='ocrx_word' id='word_1_205' title='bbox 603 2513 634 2565; x_wconf 92' lang='lat' dir='ltr'>in</span> <span class='ocrx_word' id='word_1_206' title='bbox 647 2511 666 2565; x_wconf 86' lang='lat' dir='ltr'>f.</span> <span class='ocrx_word' id='word_1_207' title='bbox 678 2512 744 2566; x_wconf 91' lang='lat' dir='ltr'>dec.</span> <span class='ocrx_word' id='word_1_208' title='bbox 755 2514 794 2567; x_wconf 85' lang='lat' dir='ltr'>cd.</span> <span class='ocrx_word' id='word_1_209' title='bbox 801 2530 845 2582; x_wconf 78' lang='lat' dir='ltr'>pr.</span> <span class='ocrx_word' id='word_1_210' title='bbox 860 2516 870 2582; x_wconf 93' lang='grc'>11</span> <span class='ocrx_word' id='word_1_211' title='bbox 883 2519 901 2566; x_wconf 86' lang='grc'>4</span> <span class='ocrx_word' id='word_1_212' title='bbox 914 2513 967 2567; x_wconf 91' lang='lat' dir='ltr'>hoc</span> <span class='ocrx_word' id='word_1_213' title='bbox 976 2532 1004 2582; x_wconf 88' lang='lat' dir='ltr'>p.</span> <span class='ocrx_word' id='word_1_214' title='bbox 1015 2516 1049 2567; x_wconf 88' lang='lat' dir='ltr'>tr.</span> <span class='ocrx_word' id='word_1_215' title='bbox 1059 2531 1113 2582; x_wconf 90' lang='lat' dir='ltr'>pos</span> <span class='ocrx_word' id='word_1_216' title='bbox 1123 2515 1163 2569; x_wconf 89' lang='lat' dir='ltr'>td.</span> <span class='ocrx_word' id='word_1_217' title='bbox 1174 2511 1214 2578; x_wconf 65' lang='lat' dir='ltr'>At,</span> 
     </span>
     <span class='ocr_line' id='line_1_27' title="bbox 207 2581 1214 2654; baseline -0.003 -15"><span class='ocrx_word' id='word_1_218' title='bbox 207 2592 224 2639; x_wconf 77' lang='lat' dir='ltr'>o</span> <span class='ocrx_word' id='word_1_219' title='bbox 241 2586 337 2640; x_wconf 74' lang='lat' dir='ltr'>radice</span> <span class='ocrx_word' id='word_1_220' title='bbox 351 2586 377 2638; x_wconf 96' lang='lat' dir='ltr'><strong><em>L</em></strong></span> <span class='ocrx_word' id='word_1_221' title='bbox 394 2585 499 2639; x_wconf 79' lang='lat' dir='ltr'>radicis</span> <span class='ocrx_word' id='word_1_222' title='bbox 514 2586 543 2639; x_wconf 89' lang='lat' dir='ltr'><em>P</em></span> <span class='ocrx_word' id='word_1_223' title='bbox 558 2584 687 2638; x_wconf 75' lang='lat' dir='ltr'>radicum</span> <span class='ocrx_word' id='word_1_224' title='bbox 700 2585 740 2638; x_wconf 86' lang='lat' dir='ltr'>ed.</span> <span class='ocrx_word' id='word_1_225' title='bbox 752 2602 796 2653; x_wconf 83' lang='lat' dir='ltr'>pr.</span> <span class='ocrx_word' id='word_1_226' title='bbox 814 2589 818 2652; x_wconf 96' lang='grc'>1</span> <span class='ocrx_word' id='word_1_227' title='bbox 834 2584 903 2638; x_wconf 87' lang='lat' dir='ltr'>item</span> <span class='ocrx_word' id='word_1_228' title='bbox 921 2600 944 2639; x_wconf 90' lang='lat' dir='ltr'>e.</span> <span class='ocrx_word' id='word_1_229' title='bbox 960 2584 987 2637; x_wconf 97' lang='lat' dir='ltr'><strong><em>L</em></strong></span> <span class='ocrx_word' id='word_1_230' title='bbox 1000 2586 1010 2654; x_wconf 97' lang='grc'>11</span> <span class='ocrx_word' id='word_1_231' title='bbox 1029 2590 1045 2638; x_wconf 89' lang='grc'><strong>6</strong></span> <span class='ocrx_word' id='word_1_232' title='bbox 1064 2601 1104 2639; x_wconf 90' lang='lat' dir='ltr'>er.</span> <span class='ocrx_word' id='word_1_233' title='bbox 1115 2590 1166 2638; x_wconf 84' lang='grc'>-9</span> <span class='ocrx_word' id='word_1_234' title='bbox 1181 2581 1214 2636; x_wconf 87' lang='lat' dir='ltr'>di·</span> 
     </span>
    </p>
   </div>
   <div class='ocr_carea' id='block_1_6' title="bbox 206 2671 1244 3542">
    <p class='ocr_par' dir='ltr' id='par_1_6' title="bbox 206 2671 1244 3542">
     <span class='ocr_line' id='line_1_28' title="bbox 208 2671 1214 2766; baseline 0 -22"><span class='ocrx_word' id='word_1_235' title='bbox 208 2694 309 2744; x_wconf 86' lang='lat' dir='ltr'>cuntur</span> <span class='ocrx_word' id='word_1_236' title='bbox 318 2694 402 2746; x_wconf 83' lang='lat' dir='ltr'>omP</span> <span class='ocrx_word' id='word_1_237' title='bbox 416 2692 420 2763; x_wconf 97' lang='grc'>1</span> <span class='ocrx_word' id='word_1_238' title='bbox 436 2690 535 2745; x_wconf 89' lang='lat' dir='ltr'>melior</span> <span class='ocrx_word' id='word_1_239' title='bbox 544 2692 669 2758; x_wconf 80' lang='lat' dir='ltr'>estquce</span> <span class='ocrx_word' id='word_1_240' title='bbox 679 2690 802 2745; x_wconf 84' lang='lat' dir='ltr'>om.LF</span> <span class='ocrx_word' id='word_1_241' title='bbox 812 2693 821 2760; x_wconf 95' lang='grc'>11</span> <span class='ocrx_word' id='word_1_242' title='bbox 836 2671 953 2744; x_wconf 65' lang='lat' dir='ltr'>‘Ivicind</span> <span class='ocrx_word' id='word_1_243' title='bbox 963 2691 989 2744; x_wconf 95' lang='lat' dir='ltr'><strong><em>L</em></strong></span> <span class='ocrx_word' id='word_1_244' title='bbox 1003 2691 1007 2764; x_wconf 99' lang='grc'>1</span> <span class='ocrx_word' id='word_1_245' title='bbox 1022 2692 1109 2746; x_wconf 80' lang='lat' dir='ltr'>cerdo</span> <span class='ocrx_word' id='word_1_246' title='bbox 1119 2685 1214 2766; x_wconf 73' lang='lat' dir='ltr'>sibisti</span> 
     </span>
     <span class='ocr_line' id='line_1_29' title="bbox 207 2761 1213 2903; baseline -0.003 -18"><span class='ocrx_word' id='word_1_247' title='bbox 207 2779 342 2887; x_wconf 73' lang='lat' dir='ltr'>ctus·</span> <span class='ocrx_word' id='word_1_248' title='bbox 355 2762 471 2886; x_wconf 66' lang='lat' dir='ltr'>3le</span> <span class='ocrx_word' id='word_1_249' title='bbox 487 2761 666 2902; x_wconf 58' lang='lat' dir='ltr'>tidelis</span> <span class='ocrx_word' id='word_1_250' title='bbox 677 2778 785 2886; x_wconf 70' lang='lat' dir='ltr'>ccc</span> <span class='ocrx_word' id='word_1_251' title='bbox 797 2761 954 2887; x_wconf 65' lang='grc'>111111</span> <span class='ocrx_word' id='word_1_252' title='bbox 958 2762 1213 2903; x_wconf 52' lang='lat' dir='ltr'>fflliiitvlltl</span> 
     </span>
     <span class='ocr_line' id='line_1_30' title="bbox 207 2881 1244 2974; baseline 0.004 -17"><span class='ocrx_word' id='word_1_253' title='bbox 207 2904 268 2957; x_wconf 77' lang='lat' dir='ltr'>Ar</span> <span class='ocrx_word' id='word_1_254' title='bbox 293 2905 302 2972; x_wconf 88' lang='grc'>1</span> <span class='ocrx_word' id='word_1_255' title='bbox 331 2909 362 2957; x_wconf 91' lang='lat'>11</span> <span class='ocrx_word' id='word_1_256' title='bbox 381 2906 439 2958; x_wconf 75' lang='lat' dir='ltr'>tres</span> <span class='ocrx_word' id='word_1_257' title='bbox 457 2920 507 2958; x_wconf 71' lang='lat' dir='ltr'>cn.</span> <span class='ocrx_word' id='word_1_258' title='bbox 523 2906 551 2957; x_wconf 86' lang='lat' dir='ltr'><strong><em>P</em></strong></span> <span class='ocrx_word' id='word_1_259' title='bbox 574 2905 578 2972; x_wconf 79' lang='grc'>1</span> <span class='ocrx_word' id='word_1_260' title='bbox 604 2906 633 2956; x_wconf 78' lang='lat' dir='ltr'>ec</span> <span class='ocrx_word' id='word_1_261' title='bbox 651 2903 788 2958; x_wconf 73' lang='lat' dir='ltr'>confracti</span> <span class='ocrx_word' id='word_1_262' title='bbox 807 2904 838 2958; x_wconf 75' lang='lat' dir='ltr'>r</span> <span class='ocrx_word' id='word_1_263' title='bbox 852 2904 929 2957; x_wconf 70' lang='lat' dir='ltr'>sucu</span> <span class='ocrx_word' id='word_1_264' title='bbox 947 2906 1006 2959; x_wconf 74' lang='lat' dir='ltr'>Pu.</span> <span class='ocrx_word' id='word_1_265' title='bbox 1021 2904 1107 2960; x_wconf 72' lang='lat' dir='ltr'>saec</span> <span class='ocrx_word' id='word_1_266' title='bbox 1125 2907 1192 2974; x_wconf 66' lang='lat' dir='ltr'>susc.</span> <span class='ocrx_word' id='word_1_267' title='bbox 1209 2901 1211 2942; x_wconf 73' lang='grc'>1</span> <span class='ocrx_word' id='word_1_268' title='bbox 1243 2881 1244 2944; x_wconf 65' lang='lat' dir='ltr'>l</span> 
     </span>
     <span class='ocr_line' id='line_1_31' title="bbox 207 2969 1216 3046; baseline -0.001 -19"><span class='ocrx_word' id='word_1_269' title='bbox 207 2974 301 3028; x_wconf 87' lang='lat' dir='ltr'>divide</span> <span class='ocrx_word' id='word_1_270' title='bbox 316 2976 345 3028; x_wconf 84' lang='lat' dir='ltr'>ct</span> <span class='ocrx_word' id='word_1_271' title='bbox 358 2974 431 3028; x_wconf 83' lang='lat' dir='ltr'>edde</span> <span class='ocrx_word' id='word_1_272' title='bbox 444 2973 495 3027; x_wconf 79' lang='lat' dir='ltr'>fer.</span> <span class='ocrx_word' id='word_1_273' title='bbox 511 2976 530 3028; x_wconf 93' lang='lat' dir='ltr'>t.</span> <span class='ocrx_word' id='word_1_274' title='bbox 547 2974 690 3029; x_wconf 73' lang='lat' dir='ltr'>altissime</span> <span class='ocrx_word' id='word_1_275' title='bbox 705 2978 772 3028; x_wconf 81' lang='lat' dir='ltr'>sext.</span> <span class='ocrx_word' id='word_1_276' title='bbox 788 2978 816 3029; x_wconf 94' lang='lat' dir='ltr'><strong><em>P</em></strong></span> <span class='ocrx_word' id='word_1_277' title='bbox 826 2977 836 3046; x_wconf 97' lang='grc'>11</span> <span class='ocrx_word' id='word_1_278' title='bbox 851 2980 884 3029; x_wconf 78' lang='lat'>12</span> <span class='ocrx_word' id='word_1_279' title='bbox 903 2975 1036 3030; x_wconf 75' lang='lat' dir='ltr'>candenti</span> <span class='ocrx_word' id='word_1_280' title='bbox 1050 2977 1090 3030; x_wconf 83' lang='lat' dir='ltr'>cd.</span> <span class='ocrx_word' id='word_1_281' title='bbox 1102 2995 1148 3046; x_wconf 78' lang='lat' dir='ltr'>pr.</span> <span class='ocrx_word' id='word_1_282' title='bbox 1162 2969 1216 3030; x_wconf 83' lang='lat' dir='ltr'>AF</span> 
     </span>
     <span class='ocr_line' id='line_1_32' title="bbox 207 3044 1213 3116; baseline -0.001 -16"><span class='ocrx_word' id='word_1_283' title='bbox 207 3046 265 3100; x_wconf 82' lang='lat' dir='ltr'>Pel.</span> <span class='ocrx_word' id='word_1_284' title='bbox 280 3044 384 3099; x_wconf 78' lang='lat' dir='ltr'>colenti</span> <span class='ocrx_word' id='word_1_285' title='bbox 399 3045 426 3097; x_wconf 93' lang='lat' dir='ltr'><strong><em>L</em></strong></span> <span class='ocrx_word' id='word_1_286' title='bbox 442 3048 446 3114; x_wconf 96' lang='grc'>1</span> <span class='ocrx_word' id='word_1_287' title='bbox 462 3044 614 3099; x_wconf 80' lang='lat' dir='ltr'>miscentur</span> <span class='ocrx_word' id='word_1_288' title='bbox 627 3046 722 3100; x_wconf 83' lang='lat' dir='ltr'>AFP</span> <span class='ocrx_word' id='word_1_289' title='bbox 733 3046 772 3100; x_wconf 87' lang='lat' dir='ltr'>ed.</span> <span class='ocrx_word' id='word_1_290' title='bbox 783 3064 828 3116; x_wconf 80' lang='lat' dir='ltr'>pr.</span> <span class='ocrx_word' id='word_1_291' title='bbox 843 3049 853 3116; x_wconf 95' lang='grc'>11</span> <span class='ocrx_word' id='word_1_292' title='bbox 867 3051 901 3100; x_wconf 84' lang='grc'>13</span> <span class='ocrx_word' id='word_1_293' title='bbox 916 3046 953 3099; x_wconf 85' lang='lat' dir='ltr'>dc</span> <span class='ocrx_word' id='word_1_294' title='bbox 967 3047 1084 3100; x_wconf 83' lang='lat' dir='ltr'>enimsli</span> <span class='ocrx_word' id='word_1_295' title='bbox 1099 3050 1129 3102; x_wconf 91' lang='lat' dir='ltr'><strong><em>P</em></strong></span> <span class='ocrx_word' id='word_1_296' title='bbox 1140 3048 1213 3100; x_wconf 76' lang='lat' dir='ltr'>datu</span> 
     </span>
     <span class='ocr_line' id='line_1_33' title="bbox 209 3112 1213 3185; baseline 0.006 -17"><span class='ocrx_word' id='word_1_297' title='bbox 209 3130 232 3169; x_wconf 83' lang='lat' dir='ltr'>c.</span> <span class='ocrx_word' id='word_1_298' title='bbox 249 3116 275 3169; x_wconf 96' lang='lat' dir='ltr'><strong><em>L</em></strong></span> <span class='ocrx_word' id='word_1_299' title='bbox 289 3116 474 3170; x_wconf 80' lang='lat' dir='ltr'>infundantur</span> <span class='ocrx_word' id='word_1_300' title='bbox 487 3115 527 3171; x_wconf 85' lang='lat' dir='ltr'>ed.</span> <span class='ocrx_word' id='word_1_301' title='bbox 539 3133 584 3185; x_wconf 79' lang='lat' dir='ltr'>pr.</span> <span class='ocrx_word' id='word_1_302' title='bbox 595 3118 673 3170; x_wconf 82' lang='lat' dir='ltr'>-etur</span> <span class='ocrx_word' id='word_1_303' title='bbox 686 3118 713 3171; x_wconf 98' lang='lat' dir='ltr'><strong><em>A</em></strong></span> <span class='ocrx_word' id='word_1_304' title='bbox 727 3118 736 3185; x_wconf 95' lang='grc'>11</span> <span class='ocrx_word' id='word_1_305' title='bbox 751 3122 784 3170; x_wconf 82' lang='grc'>14</span> <span class='ocrx_word' id='word_1_306' title='bbox 799 3133 859 3171; x_wconf 90' lang='lat' dir='ltr'>esse</span> <span class='ocrx_word' id='word_1_307' title='bbox 874 3134 924 3171; x_wconf 85' lang='lat' dir='ltr'>om.</span> <span class='ocrx_word' id='word_1_308' title='bbox 939 3119 1015 3172; x_wconf 88' lang='lat' dir='ltr'>PM</span> <span class='ocrx_word' id='word_1_309' title='bbox 1021 3134 1080 3172; x_wconf 89' lang='lat' dir='ltr'>esse</span> <span class='ocrx_word' id='word_1_310' title='bbox 1096 3119 1121 3173; x_wconf 93' lang='lat' dir='ltr'>si</span> <span class='ocrx_word' id='word_1_311' title='bbox 1135 3112 1213 3174; x_wconf 57' lang='lat' dir='ltr'>cod</span> 
     </span>
     <span class='ocr_line' id='line_1_34' title="bbox 206 3186 1212 3260; baseline -0.001 -20"><span class='ocrx_word' id='word_1_312' title='bbox 206 3187 325 3240; x_wconf 76' lang='lat' dir='ltr'>tradidit</span> <span class='ocrx_word' id='word_1_313' title='bbox 343 3187 367 3241; x_wconf 89' lang='lat' dir='ltr'>si</span> <span class='ocrx_word' id='word_1_314' title='bbox 386 3188 450 3242; x_wconf 87' lang='lat' dir='ltr'>AF</span> <span class='ocrx_word' id='word_1_315' title='bbox 460 3190 469 3257; x_wconf 93' lang='grc'>11</span> <span class='ocrx_word' id='word_1_316' title='bbox 485 3192 517 3241; x_wconf 89' lang='grc'>16</span> <span class='ocrx_word' id='word_1_317' title='bbox 536 3187 567 3240; x_wconf 91' lang='lat' dir='ltr'>in</span> <span class='ocrx_word' id='word_1_318' title='bbox 585 3188 690 3241; x_wconf 83' lang='lat' dir='ltr'>cccebo</span> <span class='ocrx_word' id='word_1_319' title='bbox 709 3187 789 3240; x_wconf 88' lang='lat' dir='ltr'>fictili</span> <span class='ocrx_word' id='word_1_320' title='bbox 803 3187 867 3242; x_wconf 82' lang='lat' dir='ltr'>AF</span> <span class='ocrx_word' id='word_1_321' title='bbox 883 3187 912 3241; x_wconf 90' lang='lat' dir='ltr'>in</span> <span class='ocrx_word' id='word_1_322' title='bbox 932 3189 1068 3243; x_wconf 76' lang='lat' dir='ltr'>cacabum</span> <span class='ocrx_word' id='word_1_323' title='bbox 1080 3191 1122 3244; x_wconf 83' lang='lat' dir='ltr'>cd.</span> <span class='ocrx_word' id='word_1_324' title='bbox 1133 3186 1212 3260; x_wconf 67' lang='lat' dir='ltr'>puin</span> 
     </span>
     <span class='ocr_line' id='line_1_35' title="bbox 206 3257 1212 3328; baseline -0.002 -18"><span class='ocrx_word' id='word_1_325' title='bbox 206 3257 292 3313; x_wconf 84' lang='lat' dir='ltr'>fictile</span> <span class='ocrx_word' id='word_1_326' title='bbox 306 3273 354 3312; x_wconf 81' lang='lat' dir='ltr'>vos</span> <span class='ocrx_word' id='word_1_327' title='bbox 368 3259 449 3312; x_wconf 87' lang='lat' dir='ltr'>mitte</span> <span class='ocrx_word' id='word_1_328' title='bbox 464 3262 493 3313; x_wconf 89' lang='lat' dir='ltr'>ct</span> <span class='ocrx_word' id='word_1_329' title='bbox 508 3276 571 3312; x_wconf 90' lang='lat' dir='ltr'>oum</span> <span class='ocrx_word' id='word_1_330' title='bbox 584 3258 686 3328; x_wconf 77' lang='lat' dir='ltr'>argilla</span> <span class='ocrx_word' id='word_1_331' title='bbox 701 3261 864 3327; x_wconf 83' lang='lat' dir='ltr'>opturetum</span> <span class='ocrx_word' id='word_1_332' title='bbox 877 3259 908 3312; x_wconf 90' lang='lat' dir='ltr'>in</span> <span class='ocrx_word' id='word_1_333' title='bbox 921 3258 1034 3313; x_wconf 88' lang='lat' dir='ltr'>furnum</span> <span class='ocrx_word' id='word_1_334' title='bbox 1048 3260 1131 3316; x_wconf 87' lang='lat' dir='ltr'>mitte</span> <span class='ocrx_word' id='word_1_335' title='bbox 1150 3263 1177 3315; x_wconf 85' lang='lat' dir='ltr'>et</span> <span class='ocrx_word' id='word_1_336' title='bbox 1188 3258 1212 3310; x_wconf 88' lang='lat' dir='ltr'>iu</span> 
     </span>
     <span class='ocr_line' id='line_1_36' title="bbox 206 3328 1211 3402; baseline -0.001 -20"><span class='ocrx_word' id='word_1_337' title='bbox 206 3347 232 3398; x_wconf 91' lang='lat' dir='ltr'>p.</span> <span class='ocrx_word' id='word_1_338' title='bbox 247 3329 344 3399; x_wconf 78' lang='lat' dir='ltr'>redige</span> <span class='ocrx_word' id='word_1_339' title='bbox 358 3332 386 3384; x_wconf 95' lang='lat' dir='ltr'><em>P</em></span> <span class='ocrx_word' id='word_1_340' title='bbox 403 3347 467 3383; x_wconf 90' lang='lat' dir='ltr'>cum</span> <span class='ocrx_word' id='word_1_341' title='bbox 482 3344 505 3382; x_wconf 77' lang='lat' dir='ltr'>c.</span> <span class='ocrx_word' id='word_1_342' title='bbox 525 3345 628 3399; x_wconf 88' lang='lat' dir='ltr'>gypscs</span> <span class='ocrx_word' id='word_1_343' title='bbox 643 3332 671 3383; x_wconf 88' lang='lat' dir='ltr'>et</span> <span class='ocrx_word' id='word_1_344' title='bbox 687 3328 749 3383; x_wconf 87' lang='lat' dir='ltr'>inf.</span> <span class='ocrx_word' id='word_1_345' title='bbox 764 3347 800 3383; x_wconf 89' lang='lat' dir='ltr'>m.</span> <span class='ocrx_word' id='word_1_346' title='bbox 816 3329 847 3384; x_wconf 81' lang='lat' dir='ltr'><em>F</em></span> <span class='ocrx_word' id='word_1_347' title='bbox 874 3332 878 3399; x_wconf 96' lang='grc'>1</span> <span class='ocrx_word' id='word_1_348' title='bbox 905 3330 1018 3400; x_wconf 77' lang='lat' dir='ltr'>egypsis</span> <span class='ocrx_word' id='word_1_349' title='bbox 1032 3331 1059 3384; x_wconf 98' lang='lat' dir='ltr'><strong><em>L</em></strong></span> <span class='ocrx_word' id='word_1_350' title='bbox 1086 3334 1096 3402; x_wconf 95' lang='grc'>11</span> <span class='ocrx_word' id='word_1_351' title='bbox 1125 3337 1156 3386; x_wconf 84' lang='grc'>17</span> <span class='ocrx_word' id='word_1_352' title='bbox 1174 3343 1211 3382; x_wconf 71' lang='lat' dir='ltr'>vc</span> 
     </span>
     <span class='ocr_line' id='line_1_37' title="bbox 207 3399 1211 3471; baseline -0.001 -18"><span class='ocrx_word' id='word_1_353' title='bbox 207 3415 303 3468; x_wconf 83' lang='lat' dir='ltr'>potem</span> <span class='ocrx_word' id='word_1_354' title='bbox 321 3399 378 3454; x_wconf 85' lang='lat' dir='ltr'>foci</span> <span class='ocrx_word' id='word_1_355' title='bbox 392 3400 418 3453; x_wconf 96' lang='lat' dir='ltr'><strong><em>L</em></strong></span> <span class='ocrx_word' id='word_1_356' title='bbox 431 3403 441 3469; x_wconf 92' lang='grc'>1</span> <span class='ocrx_word' id='word_1_357' title='bbox 456 3406 489 3454; x_wconf 90' lang='grc'>18</span> <span class='ocrx_word' id='word_1_358' title='bbox 508 3399 538 3452; x_wconf 87' lang='lat' dir='ltr'>in</span> <span class='ocrx_word' id='word_1_359' title='bbox 556 3418 580 3452; x_wconf 86' lang='lat' dir='ltr'>v.</span> <span class='ocrx_word' id='word_1_360' title='bbox 595 3419 619 3454; x_wconf 88' lang='lat' dir='ltr'>v.</span> <span class='ocrx_word' id='word_1_361' title='bbox 641 3399 750 3453; x_wconf 90' lang='lat' dir='ltr'>custodi</span> <span class='ocrx_word' id='word_1_362' title='bbox 769 3402 797 3454; x_wconf 92' lang='lat' dir='ltr'><strong><em>P</em></strong></span> <span class='ocrx_word' id='word_1_363' title='bbox 818 3402 822 3468; x_wconf 93' lang='grc'>1</span> <span class='ocrx_word' id='word_1_364' title='bbox 843 3401 943 3455; x_wconf 83' lang='lat' dir='ltr'>exinde</span> <span class='ocrx_word' id='word_1_365' title='bbox 962 3402 988 3454; x_wconf 96' lang='lat' dir='ltr'><strong><em>L</em></strong></span> <span class='ocrx_word' id='word_1_366' title='bbox 1007 3420 1057 3457; x_wconf 85' lang='lat' dir='ltr'>om.</span> <span class='ocrx_word' id='word_1_367' title='bbox 1072 3409 1131 3458; x_wconf 82' lang='lat' dir='ltr'>cett.</span> <span class='ocrx_word' id='word_1_368' title='bbox 1147 3409 1151 3471; x_wconf 95' lang='grc'>1</span> <span class='ocrx_word' id='word_1_369' title='bbox 1166 3413 1211 3471; x_wconf 84' lang='lat' dir='ltr'>que</span> 
     </span>
     <span class='ocr_line' id='line_1_38' title="bbox 206 3469 1212 3542; baseline -0.003 -18"><span class='ocrx_word' id='word_1_370' title='bbox 206 3486 256 3524; x_wconf 88' lang='lat' dir='ltr'>om.</span> <span class='ocrx_word' id='word_1_371' title='bbox 272 3470 298 3523; x_wconf 96' lang='lat' dir='ltr'><strong><em>L</em></strong></span> <span class='ocrx_word' id='word_1_372' title='bbox 311 3472 322 3539; x_wconf 92' lang='grc'>1</span> <span class='ocrx_word' id='word_1_373' title='bbox 337 3476 369 3524; x_wconf 83' lang='grc'>19</span> <span class='ocrx_word' id='word_1_374' title='bbox 388 3470 497 3524; x_wconf 88' lang='lat' dir='ltr'>infusus</span> <span class='ocrx_word' id='word_1_375' title='bbox 517 3469 580 3525; x_wconf 82' lang='lat' dir='ltr'>AF</span> <span class='ocrx_word' id='word_1_376' title='bbox 596 3470 712 3523; x_wconf 86' lang='lat' dir='ltr'>infunde</span> <span class='ocrx_word' id='word_1_377' title='bbox 731 3471 759 3523; x_wconf 92' lang='lat' dir='ltr'><strong><em>P</em></strong></span> <span class='ocrx_word' id='word_1_378' title='bbox 775 3470 908 3525; x_wconf 83' lang='lat' dir='ltr'>infundes</span> <span class='ocrx_word' id='word_1_379' title='bbox 926 3473 1047 3542; x_wconf 59' lang='grc'>1111111</span> <span class='ocrx_word' id='word_1_380' title='bbox 1066 3479 1101 3526; x_wconf 81' lang='lat'>20</span> <span class='ocrx_word' id='word_1_381' title='bbox 1120 3473 1212 3528; x_wconf 82' lang='lat' dir='ltr'>Chiron</span> 
     </span>
    </p>
   </div>
   <div class='ocr_carea' id='block_1_7' title="bbox 205 3556 1044 3648">
    <p class='ocr_par' dir='ltr' id='par_1_7' title="bbox 205 3556 1044 3648">
     <span class='ocr_line' id='line_1_39' title="bbox 205 3556 1044 3648; baseline 0.005 -20"><span class='ocrx_word' id='word_1_382' title='bbox 205 3575 239 3628; x_wconf 86' lang='lat' dir='ltr'>V.</span> <span class='ocrx_word' id='word_1_383' title='bbox 256 3573 276 3629; x_wconf 87' lang='lat' dir='ltr'>C</span> <span class='ocrx_word' id='word_1_384' title='bbox 295 3575 322 3629; x_wconf 89' lang='lat' dir='ltr'><strong><em>L</em></strong></span> <span class='ocrx_word' id='word_1_385' title='bbox 339 3593 404 3631; x_wconf 88' lang='lat' dir='ltr'>vero</span> <span class='ocrx_word' id='word_1_386' title='bbox 423 3593 474 3631; x_wconf 83' lang='lat' dir='ltr'>om.</span> <span class='ocrx_word' id='word_1_387' title='bbox 489 3578 517 3630; x_wconf 92' lang='lat' dir='ltr'><strong><em>P</em></strong></span> <span class='ocrx_word' id='word_1_388' title='bbox 534 3556 628 3629; x_wconf 70' lang='lat' dir='ltr'>cuim</span> <span class='ocrx_word' id='word_1_389' title='bbox 646 3590 710 3628; x_wconf 86' lang='lat' dir='ltr'>vero</span> <span class='ocrx_word' id='word_1_390' title='bbox 730 3573 883 3629; x_wconf 73' lang='lat' dir='ltr'>Centaurus</span> <span class='ocrx_word' id='word_1_391' title='bbox 902 3579 930 3632; x_wconf 92' lang='lat' dir='ltr'><strong><em>A</em></strong></span> <span class='ocrx_word' id='word_1_392' title='bbox 948 3580 987 3633; x_wconf 80' lang='lat' dir='ltr'>ed.</span> <span class='ocrx_word' id='word_1_393' title='bbox 998 3596 1044 3648; x_wconf 80' lang='lat' dir='ltr'>pr.</span> 
     </span>
    </p>
   </div>
   <div class='ocr_carea' id='block_1_8' title="bbox 0 0 1260 3892">
    <p class='ocr_par' dir='ltr' id='par_1_8' title="bbox 0 0 1260 3892">
     <span class='ocr_line' id='line_1_40' title="bbox 0 0 1260 3892; baseline 0 2"><span class='ocrx_word' id='word_1_394' title='bbox 0 0 1260 3892; x_wconf 95' lang='lat' dir='ltr'> </span> 
     </span>
    </p>
   </div>
  </div>
 </body>
</html>
