2509 3892
474 144 516 199 De
535 144 715 201 editionibus,
1077 145 1103 199 V
1228 154 1230 195 ¹,

81 316 218 392 positam
231 316 365 391 repetere
378 316 526 389 tanquam
540 313 576 373 ab
590 315 657 390 ipso
670 317 829 390 repertam.
871 312 1006 390 Sumpsit
1023 316 1104 374 611111
1231 338 1232 347 ¹

83 404 252 464 editionem
273 403 439 480 principem
463 422 518 479 pro
536 402 730 462 fundamento
753 420 824 462 suae
846 403 941 479 ipsius
964 403 1103 463 editionis

83 492 265 568 addiditque
292 492 433 551 lectiones
461 510 497 550 ex
523 491 585 551 eod.
604 491 641 549 V.
688 490 764 551 Sunt
793 491 887 569 igitur
914 492 1028 552 codices
1056 493 1104 551 illi

81 584 161 642 tres:
195 580 259 641 cod.
286 580 525 640 vindobonensis
559 582 590 639 67
621 580 679 639 duo
713 579 826 640 codices
853 581 900 639 iili
932 580 968 639 de
995 582 1103 657 quihus

83 671 220 731 codicem
243 669 383 729 editionis
406 669 550 746 principis
574 669 748 729 confluxisse
770 669 908 729 vidimus.

153 758 243 818 Nova
266 757 352 834 quasi
374 759 425 817 lux
448 762 550 819 exorta
574 762 619 818 est
641 757 776 836 Vegetio,
799 777 867 816 cum
889 755 1037 818 Gesneri
1060 758 1104 817 di-

82 847 215 928 ligentia
240 849 321 907 inter
350 847 509 923 scriptores
537 848 583 906 rei
618 848 749 906 rusticae
781 845 879 906 editus
909 850 954 907 est
984 846 1104 924 Lipsiae

84 956 112 997 a.
139 937 226 996 1735
256 937 401 1013 primum3
430 937 542 995 iterum
573 935 596 994 Ι.
619 934 698 1014 Aug.
723 934 856 997 Ernestii
890 935 969 995 notis
999 939 1104 997 auctus

84 1045 113 1086 a.
134 1027 231 1086 1774.
280 1022 426 1084 Gesnerus
454 1027 534 1085 enim
560 1026 674 1101 primus
702 1023 812 1085 codicis
842 1022 1026 1084 Gorbeiensis
1056 1026 1105 1084 vel

84 1114 189 1192 potius
220 1113 374 1173 Leidensis
406 1114 598 1174 collationem
635 1112 785 1188 adhibuit,
822 1113 859 1172 ab
890 1113 954 1173 Ioh
979 1113 1104 1173 Alherto

84 1203 227 1263 Fabricio
244 1204 325 1262 inter
341 1202 434 1262 libros
453 1201 604 1262 Gudianus
628 1205 760 1279 emptam
778 1210 869 1278 atque
886 1205 1105 1264 transmissam:

84 1294 267 1352 varietatem
285 1292 378 1352 traxit
395 1291 421 1351 is
441 1292 575 1368 quisquis
590 1292 719 1351 contulit
736 1310 771 1350 ex
789 1293 949 1366 caeorplari
964 1293 1105 1366 descripto

85 1399 122 1442 ea
139 1380 210 1440 MS.
227 1381 322 1441 codice
341 1379 521 1442 enhaemo
538 1382 710 1441 6166617671
726 1385 795 1440 turre
813 1383 949 1455 761616νί6
968 1381 1106 1442 Coloniae

86 1470 171 1545 opud
197 1468 228 1529 S.
250 1469 440 1530 Pantalcoais
467 1471 602 1544 deposito.
650 1469 747 1530 0611611
775 1469 954 1530 Oortcc'ensts
981 1473 1107 1545 optimae

84 1563 173 1619 notae
191 1559 350 1619 admodum
367 1561 506 1634 66711166
524 1560 616 1619 biteris
637 1559 805 1618 6661671716
823 1564 970 1629 exaratas,
992 1560 1106 1620 7666116

86 1653 187 1708 tamea
213 1649 328 1708 othinc
353 1648 422 1708 bade
448 1649 564 1708 lanceis
586 1648 774 1722 defamatus.
819 1647 910 1707 Recte
938 1651 1106 1725 suspicatur

86 1736 111 1796 Ι.
130 1734 167 1796 G.
187 1735 347 1797 Schneider
366 1728 443 1817 (1.6.
466 1756 495 1814 p.
516 1728 550 1818 3)
573 1755 661 1796 usum
684 1755 747 1797 esse
769 1738 868 1795 uirum
891 1737 1011 1797 doctum
1034 1757 1105 1814 apo·

88 1826 204 1905 grapho
226 1826 299 1899 isto,
325 1824 404 1901 quod
428 1825 524 1885 adhuc
543 1828 649 1900 exstat,
672 1825 772 1886 codice
791 1824 931 1885 Leidensi
948 1826 1104 1887 Vossiano.

88 1915 144 1974 Illa
163 1914 243 1990 enim
264 1916 297 1973 in
315 1914 414 1974 fronte
437 1932 473 1973 ea
494 1914 561 1992 ipsa
581 1914 673 1975 verba
695 1914 731 1973 de
754 1916 916 1993 archetypo
936 1914 1107 1976 Gorbeiensi

88 2005 149 2064 fert
168 2021 244 2078 quae
262 2004 289 2063 is
308 2005 360 2079 qui
378 2003 506 2063 66171117
523 2005 673 2080 repetivit
709 2004 773 2063 Neo
790 2005 955 2064 refellimur
973 2024 1007 2064 eo
1027 2005 1107 2081 quod

90 2095 135 2153 ait
157 2092 195 2152 da
217 2092 315 2152 forma
337 2092 447 2152 codicis
466 2095 497 2152 67
514 2093 683 2152 literarum:
706 2093 763 2152 hoo
781 2093 861 2152 euim
879 2112 915 2153 ex
933 2095 1106 2172 apographo

89 2183 148 2242 isto
166 2179 306 2241 Leidensi
325 2183 459 2257 quemvis
478 2183 576 2241 virum
594 2181 706 2241 nedum
723 2184 822 2240 uirum
835 2182 956 2242 doctum
973 2184 1106 2258 potuisse

91 2288 266 2349 cognoscere
279 2270 359 2330 infra
371 2269 547 2330 videbimus.
579 2269 708 2331 Gesnero
722 2270 817 2349 igitur
830 2274 949 2347 praeter
960 2271 1105 2331 editiones

91 2361 255 2435 principem
273 2361 304 2420 67
322 2358 464 2419 Samhuci
486 2362 606 2436 praesto
631 2362 696 2419 erat
719 2361 805 2435 quasi
822 2359 1049 2419 fundamentum
1068 2360 1106 2419 ad

91 2451 206 2508 textum
219 2448 439 2508 restituendum
453 2449 575 2508 collatio
588 2448 643 2507 illa
661 2467 729 2507 cum
745 2447 845 2507 codice
859 2446 999 2507 Leidensi
1016 2449 1106 2508 facta.

92 2536 152 2596 Nec
179 2536 267 2613 plura
294 2535 444 2597 adhibuit:
471 2555 543 2596 nam
570 2555 647 2613 quae
676 2535 809 2596 Rhodius
834 2530 887 2614 [ad
918 2535 1107 2596 Scribonium

92 2624 221 2704 Largum
240 2624 459 2685 emendationes
482 2646 511 2702 p.
532 2619 611 2705 238]
635 2626 722 2685 affert
740 2645 775 2684 ex
798 2625 948 2685 codicibus
964 2625 1105 2686 Mediceis

96 2718 125 2775 et
141 2714 299 2789 Vaticano,
321 2734 381 2774 non
403 2717 483 2774 16676
506 2717 577 2774 sunt
599 2715 756 2791 descripta.

156 2804 267 2863 Totum
299 2801 514 2863 Gesnerianum
550 2805 594 2863 rei
629 2803 758 2863 rusticae
790 2804 969 2881 scriptorum
1000 2823 1107 2881 corpus

18 2946 19 2949 ,
94 2894 231 2970 repetivit
270 2893 356 2953 novis
397 2892 607 2953 collationibus
649 2894 736 2952 auxit
771 2894 983 2954 commentario
1019 2892 1106 2953 docto

96 2981 210 3042 ornavit
227 2981 251 3041 Ι.
271 2979 306 3040 G.
326 2979 522 3042 Schneider
544 2980 665 3058 Lipsiae
690 2983 785 3057 1795,
808 2984 893 3042 ouius
918 2982 1014 3060 operis
1038 3002 1107 3042 con·

96 3070 167 3132 tinet
179 3070 340 3149 Vegetium
353 3073 451 3131 tomus
465 3069 517 3128 IV.
560 3070 617 3140 oui
633 3070 781 3130 thesauris
796 3069 983 3132 Gesnerianis
998 3071 1107 3131 adiecit

97 3160 280 3219 coflutionem
294 3159 404 3220 codicis
423 3157 554 3219 Gothani
569 3178 588 3219 a
600 3159 735 3235 11611116,
754 3160 917 3220 medicinae
932 3162 1107 3239 professore,

98 3248 211 3324 iactam,
235 3247 340 3308 deinde
364 3248 486 3325 abipso
505 3250 666 3325 repetitam
689 3241 761 3329 (1.6.
777 3269 804 3325 p.
822 3243 887 3330 18).
932 3250 975 3309 At
996 3251 1053 3309 hoc
1074 3251 1107 3307 in

24 3342 25 3345 ’
98 3334 217 3417 Vegetio
240 3339 288 3396 111
309 3337 497 3398 doctissimus
516 3337 652 3414 peccavit
674 3338 754 3414 quod
775 3337 872 3396 invito
894 3338 992 3397 hercle
1014 3336 1107 3413 scrip-

101 3428 155 3486 tore
176 3426 310 3486 membra
333 3426 429 3504 operis
458 3425 575 3486 disiecit
602 3426 742 3503 quodque
764 3427 830 3484 erat
855 3444 948 3501 usque
971 3425 1009 3484 ad
1031 3423 1107 3483 illud

101 3516 208 3593 tempus
235 3518 268 3576 in
294 3516 386 3576 libros
410 3516 604 3576 distributum
634 3517 778 3591 quattuor
806 3512 838 3571 id
868 3513 925 3571 sibi
947 3511 1107 3572 uidebatur

969 3798 974 3811 Ι
1004 3814 1008 3817 -
1038 3802 1119 3815 -.—=-·
