2509 3892
419 136 558 191 MVLOM
577 137 605 191 H
624 141 728 191 18-21
1021 141 1084 203 117

89 303 194 453 rhlthmtus
204 305 429 365 similitudinem
470 306 690 382 compleantur,
730 309 765 364 ut
803 282 862 365 non
904 307 1086 368 deformetur

89 411 103 450 o
197 440 201 450 .

252 531 332 596 xx.
355 532 412 596 Ae
432 495 537 595 ceth
559 533 596 596 a
619 531 703 596 eae
726 531 899 596 cumeum.

141 660 253 722 Sicasu
263 662 367 736 aliquo
378 662 490 720 animal
504 661 623 719 oculum
634 661 793 739 impegerit
802 664 856 720 aut
870 662 1013 722 confrioa-
1044 676 1193 717 mscsenn.

68 749 154 807 ssent
174 752 221 808 vel
244 770 280 809 ex
298 768 474 825 percussura
495 750 618 808 laeserit
641 752 671 808 et
695 749 796 809 album
815 749 975 824 induxerit,
998 753 1089 811 etiam

89 837 109 894 si
133 841 211 898 totus
241 839 345 899 oculus
374 839 547 914 praeclusus
578 839 631 913 sit,
660 842 762 897 tamen
792 839 1000 914 experimentis
1021 860 1088 915 pro-

88 925 178 985 batum
197 931 242 987 est
258 929 316 986 hac
333 927 451 985 ratione
470 927 529 987 cito
548 945 634 1003 posse
655 928 761 987 curari.
798 927 948 986 Hederam
967 928 1089 1005 colliges

89 1018 242 1075 terrestrem
262 1019 293 1075 et
311 1016 374 1093 pila
392 1016 588 1075 mundissima
606 1016 774 1075 diutissime
793 1016 966 1091 contundes,
984 1035 1089 1075 sucum

89 1104 232 1183 exprimes,
262 1125 298 1163 ex
320 1106 378 1164 hoc
405 1106 518 1164 animal
540 1107 681 1183 inunges:
710 1108 858 1181 potestate
885 1105 1089 1165 medicaminis

56 1196 213 1266 roquumsis
236 1194 394 1270 desperata
417 1194 602 1254 eonsumitur
625 1193 743 1271 albugo.
785 1192 844 1252 Sed
871 1194 898 1253 si
918 1197 1121 1254 terrestrem2

89 1279 214 1341 hederam
235 1303 297 1342 non
318 1284 478 1357 inveneris,
501 1284 564 1343 sive
581 1283 670 1341 bacas
692 1282 818 1342 hederae
840 1283 901 1343 sive
924 1284 998 1343 folia
1021 1303 1088 1344 con·

89 1370 181 1430 tundes
200 1374 230 1430 et
247 1390 352 1431 sucum
375 1373 522 1448 exprimes
545 1375 632 1431 etex
657 1391 691 1430 eo
714 1390 784 1431 suco
801 1372 936 1450 inunges.
983 1373 1014 1432 si
1032 1374 1089 1433 hoe

88 1476 194 1535 quoque
217 1460 338 1520 difficile
362 1461 513 1520 videbitur
539 1464 594 1519 aut
616 1478 780 1535 morosum,
809 1462 968 1537 paululum
991 1481 1088 1537 aquae

87 1546 201 1624 frigidae
228 1569 295 1609 cum
322 1550 403 1609 foliis
431 1550 557 1609 hederae
588 1548 754 1608 diutissime
778 1550 954 1626 contundes,
984 1569 1088 1609 sucum

52 1638 220 1712 reexprimes
243 1642 274 1697 et
296 1659 351 1715 per
377 1640 532 1715 siphonem
559 1638 586 1696 ei
609 1639 642 1697 in
669 1638 788 1697 oculum
816 1639 961 1698 defundis.
1002 1638 1088 1708 Quod

86 1742 145 1785 eum
172 1747 225 1804 per
254 1729 317 1788 dies
347 1728 495 1804 plurimos
527 1730 591 1786 tam
620 1746 708 1786 mane
741 1745 832 1802 quem
864 1727 903 1786 ad
933 1746 1088 1803 vesperem

84 1813 184 1892 feceris,
206 1817 309 1875 album
332 1836 418 1876 omne
440 1817 573 1876 tolletur.
620 1815 678 1875 Sed
701 1816 727 1876 si
745 1816 850 1875 vinum
872 1816 988 1875 miseris
1011 1817 1087 1892 opti-

83 1922 154 1963 mum
174 1925 229 1981 pro
253 1924 344 1981 aque,
367 1905 516 1965 efficacius
540 1908 593 1989 est.

211 2095 313 2159 XXI.
337 2094 388 2160 De
409 2096 581 2178 suffusione
602 2098 746 2161 mundo
766 2117 823 2178 per
845 2115 944 2160 ceres

137 2223 241 2300 Aliqui
252 2228 387 2283 auctores
397 2223 544 2299 dixerunt,
554 2224 579 2283 si
593 2224 696 2283 dexter
705 2226 808 2284 oculus
823 2225 1015 2284 suffusionem
1045 2236 1115 2276 11121
1124 2236 1190 2277 Schn-

83 2315 235 2389 susceperit
257 2314 307 2373 vel
330 2312 432 2371 album
453 2313 625 2388 incurrerit,
649 2314 783 2372 dextram
805 2315 922 2389 partem
945 2312 1039 2387 neris,
1063 2314 1087 2371 si

83 2400 200 2476 sinister,
223 2403 377 2462 sinistram
396 2402 557 2480 diligenter
576 2402 717 2478 inspicies
737 2404 767 2460 et
785 2402 814 2460 in
834 2403 902 2477 ipsa
920 2401 1087 2460 callositate

144 2542 174 2590 11
195 2535 230 2590 ef.
246 2535 304 2590 Pel.
321 2552 342 2589 c.
358 2541 419 2589 435.
493 2542 527 2590 20
546 2535 619 2590 Ohir.
636 2553 657 2590 c.
674 2542 716 2591 84.

143 2661 331 2714 rossontus
350 2662 379 2714 P
943 2704 945 2708 ,

142 2732 342 2801 dimpinxerit
360 2733 422 2786 AP
448 2734 452 2800 Ι
482 2731 651 2786 confricetur
669 2735 697 2787 P
722 2735 731 2802 ΙΙ
759 2734 823 2786 tet
839 2748 888 2787 cra.
904 2733 932 2786 A
959 2734 968 2801 ll
997 2732 1087 2787 'lcito

82 2803 234 2857 oraPhac
252 2821 274 2857 r.
294 2802 371 2872 preb.
392 2803 532 2873 ed.pr.A
565 2805 569 2871 Ι
603 2803 753 2874 colligeA
788 2806 798 2873 ΙΙ
834 2803 1085 2876 8inp.cd.pr.l

83 2875 224 2928 contendes
239 2877 268 2929 A
285 2877 346 2929 tere
360 2876 422 2927 ets.
439 2875 517 2943 ΡΙΙθ
536 2875 638 2929 exhoc
656 2875 732 2929 enim
746 2891 771 2930 a.
786 2876 814 2929 A
833 2873 928 2929 etheo
943 2891 967 2929 a.
982 2875 1087 2944 inunge

82 2942 146 2998 circa
160 2946 257 3000 oculos
271 2944 359 2999 oeulis
373 2944 522 2999 iniciendo.
542 2961 609 2999 nam
623 2946 683 3001 eius
696 2946 802 3001 virtute
812 2948 991 3000 consumetur
1004 2962 1028 3000 a.
1040 2948 1068 3001 P

83 3019 111 3066 10
126 3032 209 3083 quam
229 3018 255 3070 d.
271 3018 299 3070 A
321 3019 330 3086 ΙΙ
355 3022 386 3070 11
406 3016 531 3070 invenies
546 3018 574 3070 P
596 3020 600 3086 Ι
622 3016 717 3072 luceas
732 3017 758 3071 h.
775 3020 803 3072 A
832 3021 836 3087 Ι
865 3016 943 3072 velf.
959 3019 1019 3071 tere
1035 3020 1063 3073 P

83 3090 110 3136 12
126 3090 154 3140 et
171 3106 192 3142 s.
212 3104 288 3157 expr.
307 3105 357 3142 ora.
373 3090 402 3142 A
439 3090 443 3155 Ι
484 3103 519 3140 ex
537 3103 570 3141 eo
587 3087 646 3142 line
665 3088 761 3143 oeulos
780 3091 808 3144 P
840 3090 850 3157 ΙΙ
883 3094 915 3142 14
934 3087 961 3141 h.
981 3090 1041 3142 tere
1060 3091 1088 3142 et

82 3158 203 3227 ³·Pl15
221 3175 273 3229 per
291 3176 312 3212 s.
332 3159 359 3212 ei
377 3176 427 3213 orn.
443 3158 536 3227 Plin
554 3158 635 3213 oculo
654 3159 791 3215 defundes
810 3160 838 3215 A
856 3159 886 3213 in
904 3159 993 3213 oeulis
1011 3160 1089 3214 iacta

82 3225 127 3296 Pp
145 3235 177 3283 16
194 3246 311 3300 vespere
329 3231 357 3284 P
377 3232 387 3298 ΙΙ
411 3234 444 3284 18
463 3246 487 3283 o.
507 3247 559 3298 pro
578 3246 653 3299 aqua
671 3234 699 3286 P
716 3248 740 3286 ο.
760 3233 790 3287 et
807 3247 903 3285 recens
921 3232 961 3285 ed.
974 3229 1085 3300 prAl

83 3311 102 3349 θ.
119 3303 212 3356 emate
230 3302 314 3355 sanat
331 3302 372 3356 ed.
383 3317 428 3370 pr.
448 3317 506 3355 non
524 3316 547 3354 e.
563 3305 646 3356 sanat
660 3304 688 3358 A
707 3319 730 3357 e.
751 3305 794 3357 est
807 3304 835 3356 P

143 3377 176 3425 20
195 3371 336 3441 aliquanti
350 3374 378 3427 A
394 3377 397 3442 Ι
414 3372 575 3426 dexterum.
591 3374 650 3427 PA
669 3374 768 3428 oculus
787 3372 811 3427 si
830 3390 850 3426 s.
866 3390 887 3426 s.
902 3374 953 3440 All
967 3377 1000 3425 22
1020 3369 1087 3424 sini-

83 3440 158 3562 :dnm
176 3443 290 3497 sinister
308 3444 336 3497 P
352 3443 484 3497 sinistrae
503 3442 601 3496 sifisim
619 3446 648 3498 A
677 3448 681 3513 Ι
709 3443 843 3513 inspicies
865 3445 894 3496 et
912 3444 940 3496 P
955 3440 1088 3508 inspiciet

12 3633 13 3700 l
