<?xml version="1.0" encoding="UTF-8"?>
<!DOCTYPE html PUBLIC "-//W3C//DTD XHTML 1.0 Transitional//EN"
    "http://www.w3.org/TR/xhtml1/DTD/xhtml1-transitional.dtd">
<html xmlns="http://www.w3.org/1999/xhtml" xml:lang="en" lang="en">
 <head>
  <title>
</title>
<meta http-equiv="Content-Type" content="text/html;charset=utf-8" />
  <meta name='ocr-system' content='tesseract 3.04.00' />
  <meta name='ocr-capabilities' content='ocr_page ocr_carea ocr_par ocr_line ocrx_word'/>
</head>
<body>
  <div class='ocr_page' id='page_1' title='image "./pvegetirenatidi00lommgoog_0388.png"; bbox 0 0 2509 3892; ppageno 0'>
   <div class='ocr_carea' id='block_1_1' title="bbox 159 173 738 238">
    <p class='ocr_par' dir='ltr' id='par_1_1' title="bbox 159 173 738 238">
     <span class='ocr_line' id='line_1_1' title="bbox 159 173 738 238; baseline 0.003 -12"><span class='ocrx_word' id='word_1_1' title='bbox 159 175 226 238; x_wconf 78' lang='grc'>282</span> <span class='ocrx_word' id='word_1_2' title='bbox 601 173 738 228; x_wconf 69' lang='lat' dir='ltr'>uscarl</span> 
     </span>
    </p>
   </div>
   <div class='ocr_carea' id='block_1_2' title="bbox 99 334 1217 2474">
    <p class='ocr_par' dir='ltr' id='par_1_2' title="bbox 99 334 1217 2474">
     <span class='ocr_line' id='line_1_2' title="bbox 158 334 1183 422; baseline 0.002 -20"><span class='ocrx_word' id='word_1_3' title='bbox 158 346 243 422; x_wconf 86' lang='lat' dir='ltr'>gium</span> <span class='ocrx_word' id='word_1_4' title='bbox 271 334 366 419; x_wconf 82' lang='lat' dir='ltr'>aquae</span> <span class='ocrx_word' id='word_1_5' title='bbox 396 345 427 402; x_wconf 88' lang='lat' dir='ltr'>et</span> <span class='ocrx_word' id='word_1_6' title='bbox 453 362 515 402; x_wconf 88' lang='lat' dir='ltr'>una</span> <span class='ocrx_word' id='word_1_7' title='bbox 540 343 712 402; x_wconf 70' lang='grc'><strong>1111111111)</strong></span> <span class='ocrx_word' id='word_1_8' title='bbox 740 344 809 403; x_wconf 86' lang='lat' dir='ltr'>divo</span> <span class='ocrx_word' id='word_1_9' title='bbox 838 362 959 409; x_wconf 85' lang='lat' dir='ltr'>manere</span> <span class='ocrx_word' id='word_1_10' title='bbox 983 344 1124 420; x_wconf 84' lang='lat' dir='ltr'>patieris,</span> <span class='ocrx_word' id='word_1_11' title='bbox 1155 348 1183 404; x_wconf 87' lang='lat' dir='ltr'>et</span> 
     </span>
     <span class='ocr_line' id='line_1_3' title="bbox 116 432 1182 511; baseline 0.002 -20"><span class='ocrx_word' id='word_1_12' title='bbox 116 459 119 463; x_wconf 50' lang='lat'><em>⁴</em></span> <span class='ocrx_word' id='word_1_13' title='bbox 158 434 228 493; x_wconf 82' lang='lat' dir='ltr'>inde</span> <span class='ocrx_word' id='word_1_14' title='bbox 247 433 347 492; x_wconf 88' lang='lat' dir='ltr'>ieiuno</span> <span class='ocrx_word' id='word_1_15' title='bbox 365 432 437 492; x_wconf 87' lang='lat' dir='ltr'>bovi</span> <span class='ocrx_word' id='word_1_16' title='bbox 454 432 638 508; x_wconf 88' lang='lat' dir='ltr'>tepefactum</span> <span class='ocrx_word' id='word_1_17' title='bbox 656 432 862 509; x_wconf 87' lang='lat' dir='ltr'>pertriduum</span> <span class='ocrx_word' id='word_1_18' title='bbox 880 433 1016 511; x_wconf 80' lang='lat' dir='ltr'>singulos</span> <span class='ocrx_word' id='word_1_19' title='bbox 1035 436 1182 494; x_wconf 79' lang='lat' dir='ltr'>sextarios</span> 
     </span>
     <span class='ocr_line' id='line_1_4' title="bbox 158 521 1182 600; baseline 0.003 -19.901"><span class='ocrx_word' id='word_1_20' title='bbox 158 523 257 597; x_wconf 82' lang='lat' dir='ltr'>dabis3</span> <span class='ocrx_word' id='word_1_21' title='bbox 285 536 362 599; x_wconf 91' lang='lat' dir='ltr'>quae</span> <span class='ocrx_word' id='word_1_22' title='bbox 384 523 467 597; x_wconf 89' lang='lat' dir='ltr'>potio</span> <span class='ocrx_word' id='word_1_23' title='bbox 492 521 530 580; x_wconf 89' lang='lat' dir='ltr'>ad</span> <span class='ocrx_word' id='word_1_24' title='bbox 553 522 722 600; x_wconf 81' lang='lat' dir='ltr'>stagnanda</span> <span class='ocrx_word' id='word_1_25' title='bbox 749 523 892 581; x_wconf 91' lang='lat' dir='ltr'>animalia</span> <span class='ocrx_word' id='word_1_26' title='bbox 916 526 1023 598; x_wconf 90' lang='lat' dir='ltr'>quater</span> <span class='ocrx_word' id='word_1_27' title='bbox 1045 524 1081 581; x_wconf 91' lang='lat' dir='ltr'>in</span> <span class='ocrx_word' id='word_1_28' title='bbox 1105 542 1182 583; x_wconf 91' lang='lat' dir='ltr'>anno</span> 
     </span>
     <span class='ocr_line' id='line_1_5' title="bbox 157 609 1184 687; baseline 0.002 -17"><span class='ocrx_word' id='word_1_29' title='bbox 157 609 296 671; x_wconf 84' lang='lat' dir='ltr'>facienda</span> <span class='ocrx_word' id='word_1_30' title='bbox 319 613 364 670; x_wconf 89' lang='lat' dir='ltr'>est</span> <span class='ocrx_word' id='word_1_31' title='bbox 382 611 497 674; x_wconf 88' lang='lat' dir='ltr'>ultimis</span> <span class='ocrx_word' id='word_1_32' title='bbox 515 611 699 687; x_wconf 71' lang='lat' dir='ltr'>temporibus</span> <span class='ocrx_word' id='word_1_33' title='bbox 721 613 808 685; x_wconf 80' lang='lat' dir='ltr'>veris,</span> <span class='ocrx_word' id='word_1_34' title='bbox 832 613 964 687; x_wconf 82' lang='lat' dir='ltr'>aestatis,</span> <span class='ocrx_word' id='word_1_35' title='bbox 988 614 1132 671; x_wconf 90' lang='lat' dir='ltr'>autumni</span> <span class='ocrx_word' id='word_1_36' title='bbox 1154 616 1184 672; x_wconf 86' lang='lat' dir='ltr'>et</span> 
     </span>
     <span class='ocr_line' id='line_1_6' title="bbox 123 695 1217 778; baseline 0.002 -19"><span class='ocrx_word' id='word_1_37' title='bbox 123 702 273 761; x_wconf 72' lang='lat' dir='ltr'>lhiemis.</span> <span class='ocrx_word' id='word_1_38' title='bbox 306 700 425 759; x_wconf 84' lang='lat' dir='ltr'>Morbos</span> <span class='ocrx_word' id='word_1_39' title='bbox 445 695 705 778; x_wconf 73' lang='lat' dir='ltr'>aegritudinesque</span> <span class='ocrx_word' id='word_1_40' title='bbox 724 697 868 776; x_wconf 72' lang='lat' dir='ltr'>depellit:v</span> <span class='ocrx_word' id='word_1_41' title='bbox 884 703 945 760; x_wconf 89' lang='lat' dir='ltr'>tres</span> <span class='ocrx_word' id='word_1_42' title='bbox 964 702 1070 760; x_wconf 90' lang='lat' dir='ltr'>uncias</span> <span class='ocrx_word' id='word_1_43' title='bbox 1094 702 1182 761; x_wconf 90' lang='lat' dir='ltr'>baca·</span> <span class='ocrx_word' id='word_1_44' title='bbox 1199 721 1217 761; x_wconf 62' lang='lat' dir='ltr'>&gt;s</span> 
     </span>
     <span class='ocr_line' id='line_1_7' title="bbox 157 789 1183 867; baseline 0.002 -19"><span class='ocrx_word' id='word_1_45' title='bbox 157 810 225 849; x_wconf 88' lang='lat' dir='ltr'>rum</span> <span class='ocrx_word' id='word_1_46' title='bbox 246 791 341 863; x_wconf 87' lang='lat' dir='ltr'>lauri,</span> <span class='ocrx_word' id='word_1_47' title='bbox 364 790 536 866; x_wconf 82' lang='lat' dir='ltr'>gentianae,</span> <span class='ocrx_word' id='word_1_48' title='bbox 560 789 769 849; x_wconf 76' lang='lat' dir='ltr'>aristolochiae</span> <span class='ocrx_word' id='word_1_49' title='bbox 792 790 912 867; x_wconf 83' lang='lat' dir='ltr'>longae,</span> <span class='ocrx_word' id='word_1_50' title='bbox 942 810 1077 864; x_wconf 88' lang='lat' dir='ltr'>murrae,</span> <span class='ocrx_word' id='word_1_51' title='bbox 1101 791 1183 850; x_wconf 75' lang='lat' dir='ltr'>beto</span> 
     </span>
     <span class='ocr_line' id='line_1_8' title="bbox 157 875 1183 956; baseline 0.002 -18"><span class='ocrx_word' id='word_1_52' title='bbox 157 875 242 939; x_wconf 85' lang='lat' dir='ltr'>nicae</span> <span class='ocrx_word' id='word_1_53' title='bbox 266 879 495 956; x_wconf 79' lang='lat' dir='ltr'>diligentissime</span> <span class='ocrx_word' id='word_1_54' title='bbox 523 878 624 937; x_wconf 87' lang='lat' dir='ltr'>detere</span> <span class='ocrx_word' id='word_1_55' title='bbox 655 881 686 937; x_wconf 94' lang='lat' dir='ltr'>et</span> <span class='ocrx_word' id='word_1_56' title='bbox 713 881 805 938; x_wconf 90' lang='lat' dir='ltr'>misce</span> <span class='ocrx_word' id='word_1_57' title='bbox 833 897 901 938; x_wconf 91' lang='lat' dir='ltr'>cum</span> <span class='ocrx_word' id='word_1_58' title='bbox 930 899 1026 954; x_wconf 78' lang='lat' dir='ltr'>mer03</span> <span class='ocrx_word' id='word_1_59' title='bbox 1057 899 1095 938; x_wconf 83' lang='lat' dir='ltr'>ex</span> <span class='ocrx_word' id='word_1_60' title='bbox 1124 899 1183 956; x_wconf 88' lang='lat' dir='ltr'>quc</span> 
     </span>
     <span class='ocr_line' id='line_1_9' title="bbox 122 967 1182 1045; baseline 0.001 -18"><span class='ocrx_word' id='word_1_61' title='bbox 122 971 253 1028; x_wconf 84' lang='lat' dir='ltr'>8trinas</span> <span class='ocrx_word' id='word_1_62' title='bbox 271 969 406 1027; x_wconf 88' lang='lat' dir='ltr'>heminas</span> <span class='ocrx_word' id='word_1_63' title='bbox 425 968 527 1026; x_wconf 90' lang='lat' dir='ltr'>triduo</span> <span class='ocrx_word' id='word_1_64' title='bbox 545 969 658 1045; x_wconf 84' lang='lat' dir='ltr'>iugiter</span> <span class='ocrx_word' id='word_1_65' title='bbox 674 969 808 1028; x_wconf 91' lang='lat' dir='ltr'>iumento</span> <span class='ocrx_word' id='word_1_66' title='bbox 822 986 876 1043; x_wconf 90' lang='lat' dir='ltr'>per</span> <span class='ocrx_word' id='word_1_67' title='bbox 894 987 928 1028; x_wconf 90' lang='lat' dir='ltr'>os</span> <span class='ocrx_word' id='word_1_68' title='bbox 942 967 1034 1030; x_wconf 90' lang='lat' dir='ltr'>dabis.</span> <span class='ocrx_word' id='word_1_69' title='bbox 1075 969 1182 1045; x_wconf 81' lang='lat' dir='ltr'>Spicea</span> 
     </span>
     <span class='ocr_line' id='line_1_10' title="bbox 157 1058 1182 1137; baseline 0.001 -21"><span class='ocrx_word' id='word_1_70' title='bbox 157 1077 275 1133; x_wconf 91' lang='lat' dir='ltr'>quoque</span> <span class='ocrx_word' id='word_1_71' title='bbox 306 1058 360 1117; x_wconf 90' lang='lat' dir='ltr'>alii</span> <span class='ocrx_word' id='word_1_72' title='bbox 389 1058 480 1116; x_wconf 88' lang='lat' dir='ltr'>tritae</span> <span class='ocrx_word' id='word_1_73' title='bbox 507 1074 576 1115; x_wconf 92' lang='lat' dir='ltr'>cum</span> <span class='ocrx_word' id='word_1_74' title='bbox 605 1059 676 1116; x_wconf 83' lang='lat' dir='ltr'>vino</span> <span class='ocrx_word' id='word_1_75' title='bbox 707 1076 762 1132; x_wconf 91' lang='lat' dir='ltr'>per</span> <span class='ocrx_word' id='word_1_76' title='bbox 790 1076 877 1117; x_wconf 89' lang='lat' dir='ltr'>nares</span> <span class='ocrx_word' id='word_1_77' title='bbox 905 1059 1024 1117; x_wconf 85' lang='lat' dir='ltr'>infusae</span> <span class='ocrx_word' id='word_1_78' title='bbox 1048 1062 1182 1137; x_wconf 84' lang='lat' dir='ltr'>purgant</span> 
     </span>
     <span class='ocr_line' id='line_1_11' title="bbox 157 1139 1217 1223; baseline 0.003 -18"><span class='ocrx_word' id='word_1_79' title='bbox 157 1149 258 1223; x_wconf 87' lang='lat' dir='ltr'>capita</span> <span class='ocrx_word' id='word_1_80' title='bbox 286 1148 496 1206; x_wconf 89' lang='lat' dir='ltr'>iumentorum.</span> <span class='ocrx_word' id='word_1_81' title='bbox 547 1139 612 1204; x_wconf 81' lang='lat' dir='ltr'>Ova</span> <span class='ocrx_word' id='word_1_82' title='bbox 642 1146 734 1205; x_wconf 87' lang='lat' dir='ltr'>cruda</span> <span class='ocrx_word' id='word_1_83' title='bbox 763 1165 831 1205; x_wconf 90' lang='lat' dir='ltr'>cum</span> <span class='ocrx_word' id='word_1_84' title='bbox 860 1146 948 1205; x_wconf 92' lang='lat' dir='ltr'>melle</span> <span class='ocrx_word' id='word_1_85' title='bbox 977 1149 1181 1206; x_wconf 88' lang='lat' dir='ltr'>iumentorum</span> <span class='ocrx_word' id='word_1_86' title='bbox 1193 1169 1217 1208; x_wconf 76' lang='grc' dir='ltr'>ιο</span> 
     </span>
     <span class='ocr_line' id='line_1_12' title="bbox 128 1235 1181 1312; baseline 0.003 -19"><span class='ocrx_word' id='word_1_87' title='bbox 128 1262 132 1280; x_wconf 61' lang='grc' dir='ltr'><strong><em>ι</em></strong></span> <span class='ocrx_word' id='word_1_88' title='bbox 156 1236 292 1296; x_wconf 83' lang='lat' dir='ltr'>faucibus</span> <span class='ocrx_word' id='word_1_89' title='bbox 314 1236 499 1309; x_wconf 87' lang='lat' dir='ltr'>inseruntur,</span> <span class='ocrx_word' id='word_1_90' title='bbox 528 1237 618 1311; x_wconf 90' lang='lat' dir='ltr'>atque</span> <span class='ocrx_word' id='word_1_91' title='bbox 641 1236 687 1293; x_wconf 87' lang='lat' dir='ltr'>ita</span> <span class='ocrx_word' id='word_1_92' title='bbox 709 1235 865 1295; x_wconf 82' lang='lat' dir='ltr'>fastidium</span> <span class='ocrx_word' id='word_1_93' title='bbox 889 1254 1060 1312; x_wconf 87' lang='lat' dir='ltr'>nauseaque</span> <span class='ocrx_word' id='word_1_94' title='bbox 1084 1237 1181 1296; x_wconf 89' lang='lat' dir='ltr'>discu-</span> 
     </span>
     <span class='ocr_line' id='line_1_13' title="bbox 156 1324 1181 1400; baseline 0.001 -17"><span class='ocrx_word' id='word_1_95' title='bbox 156 1328 240 1384; x_wconf 85' lang='lat' dir='ltr'>titur.</span> <span class='ocrx_word' id='word_1_96' title='bbox 286 1325 417 1400; x_wconf 78' lang='lat' dir='ltr'>Expedit</span> <span class='ocrx_word' id='word_1_97' title='bbox 443 1327 544 1383; x_wconf 91' lang='lat' dir='ltr'>tamen</span> <span class='ocrx_word' id='word_1_98' title='bbox 573 1325 650 1384; x_wconf 91' lang='lat' dir='ltr'>sales</span> <span class='ocrx_word' id='word_1_99' title='bbox 680 1324 800 1400; x_wconf 87' lang='lat' dir='ltr'>pabulis</span> <span class='ocrx_word' id='word_1_100' title='bbox 827 1326 963 1399; x_wconf 80' lang='lat' dir='ltr'>miscere,</span> <span class='ocrx_word' id='word_1_101' title='bbox 993 1326 1181 1386; x_wconf 90' lang='lat' dir='ltr'>marrubium</span> 
     </span>
     <span class='ocr_line' id='line_1_14' title="bbox 122 1413 1180 1490; baseline 0.001 -16"><span class='ocrx_word' id='word_1_102' title='bbox 122 1419 274 1490; x_wconf 86' lang='lat' dir='ltr'>9quoque</span> <span class='ocrx_word' id='word_1_103' title='bbox 296 1416 404 1472; x_wconf 80' lang='lat' dir='ltr'>tritum</span> <span class='ocrx_word' id='word_1_104' title='bbox 426 1432 513 1472; x_wconf 89' lang='lat' dir='ltr'>mane</span> <span class='ocrx_word' id='word_1_105' title='bbox 536 1431 604 1472; x_wconf 91' lang='lat' dir='ltr'>cum</span> <span class='ocrx_word' id='word_1_106' title='bbox 634 1414 699 1473; x_wconf 91' lang='lat' dir='ltr'>oleo</span> <span class='ocrx_word' id='word_1_107' title='bbox 722 1416 852 1489; x_wconf 90' lang='lat' dir='ltr'>vinoque</span> <span class='ocrx_word' id='word_1_108' title='bbox 875 1414 1048 1474; x_wconf 85' lang='lat' dir='ltr'>diffundere.</span> <span class='ocrx_word' id='word_1_109' title='bbox 1092 1413 1180 1475; x_wconf 85' lang='lat' dir='ltr'>Turis</span> 
     </span>
     <span class='ocr_line' id='line_1_15' title="bbox 156 1501 1179 1580; baseline 0.003 -18"><span class='ocrx_word' id='word_1_110' title='bbox 156 1505 249 1562; x_wconf 88' lang='lat' dir='ltr'>etiam</span> <span class='ocrx_word' id='word_1_111' title='bbox 271 1504 425 1579; x_wconf 85' lang='lat' dir='ltr'>pulverem</span> <span class='ocrx_word' id='word_1_112' title='bbox 455 1521 523 1561; x_wconf 88' lang='lat' dir='ltr'>oum</span> <span class='ocrx_word' id='word_1_113' title='bbox 536 1501 537 1505; x_wconf 72' lang='grc'>’</span> <span class='ocrx_word' id='word_1_114' title='bbox 551 1521 633 1562; x_wconf 90' lang='lat' dir='ltr'>mero</span> <span class='ocrx_word' id='word_1_115' title='bbox 664 1504 726 1562; x_wconf 83' lang='lat' dir='ltr'>sive</span> <span class='ocrx_word' id='word_1_116' title='bbox 756 1522 810 1580; x_wconf 91' lang='lat' dir='ltr'>per</span> <span class='ocrx_word' id='word_1_117' title='bbox 839 1521 925 1562; x_wconf 89' lang='lat' dir='ltr'>nares</span> <span class='ocrx_word' id='word_1_118' title='bbox 954 1503 1094 1564; x_wconf 89' lang='lat' dir='ltr'>inieceris</span> <span class='ocrx_word' id='word_1_119' title='bbox 1118 1507 1179 1565; x_wconf 81' lang='lat' dir='ltr'>sire</span> 
     </span>
     <span class='ocr_line' id='line_1_16' title="bbox 155 1591 1213 1667; baseline 0.003 -16"><span class='ocrx_word' id='word_1_120' title='bbox 155 1608 210 1667; x_wconf 88' lang='lat' dir='ltr'>per</span> <span class='ocrx_word' id='word_1_121' title='bbox 238 1609 271 1652; x_wconf 91' lang='lat' dir='ltr'>os</span> <span class='ocrx_word' id='word_1_122' title='bbox 300 1592 430 1666; x_wconf 84' lang='lat' dir='ltr'>dederis,</span> <span class='ocrx_word' id='word_1_123' title='bbox 460 1591 588 1667; x_wconf 89' lang='lat' dir='ltr'>prodest.</span> <span class='ocrx_word' id='word_1_124' title='bbox 637 1592 701 1651; x_wconf 87' lang='lat' dir='ltr'>Nec</span> <span class='ocrx_word' id='word_1_125' title='bbox 729 1594 858 1652; x_wconf 88' lang='lat' dir='ltr'>minores</span> <span class='ocrx_word' id='word_1_126' title='bbox 890 1593 1053 1653; x_wconf 82' lang='lat' dir='ltr'>medicinas</span> <span class='ocrx_word' id='word_1_127' title='bbox 1084 1594 1178 1654; x_wconf 87' lang='lat' dir='ltr'>bobus</span> <span class='ocrx_word' id='word_1_128' title='bbox 1190 1612 1213 1655; x_wconf 77' lang='lat'>1⁵</span> 
     </span>
     <span class='ocr_line' id='line_1_17' title="bbox 155 1682 1180 1758; baseline 0.003 -19"><span class='ocrx_word' id='word_1_129' title='bbox 155 1682 237 1740; x_wconf 88' lang='lat' dir='ltr'>horti</span> <span class='ocrx_word' id='word_1_130' title='bbox 262 1683 349 1757; x_wconf 86' lang='lat' dir='ltr'>copia</span> <span class='ocrx_word' id='word_1_131' title='bbox 379 1682 600 1741; x_wconf 86' lang='lat' dir='ltr'>subministrat:</span> <span class='ocrx_word' id='word_1_132' title='bbox 629 1700 702 1740; x_wconf 89' lang='lat' dir='ltr'>nam</span> <span class='ocrx_word' id='word_1_133' title='bbox 730 1700 848 1757; x_wconf 87' lang='lat' dir='ltr'>porros,</span> <span class='ocrx_word' id='word_1_134' title='bbox 877 1685 991 1756; x_wconf 86' lang='lat' dir='ltr'>rutam,</span> <span class='ocrx_word' id='word_1_135' title='bbox 1022 1684 1128 1758; x_wconf 89' lang='lat' dir='ltr'>apium</span> <span class='ocrx_word' id='word_1_136' title='bbox 1150 1687 1180 1742; x_wconf 90' lang='grc'>11</span> 
     </span>
     <span class='ocr_line' id='line_1_18' title="bbox 155 1768 1179 1848; baseline 0.004 -21"><span class='ocrx_word' id='word_1_137' title='bbox 155 1770 280 1828; x_wconf 89' lang='lat' dir='ltr'>herbam</span> <span class='ocrx_word' id='word_1_138' title='bbox 309 1768 453 1829; x_wconf 79' lang='lat' dir='ltr'>Sabinam</span> <span class='ocrx_word' id='word_1_139' title='bbox 482 1771 506 1830; x_wconf 94' lang='lat' dir='ltr'>si</span> <span class='ocrx_word' id='word_1_140' title='bbox 537 1773 604 1846; x_wconf 90' lang='lat' dir='ltr'>quis</span> <span class='ocrx_word' id='word_1_141' title='bbox 634 1771 717 1848; x_wconf 84' lang='lat' dir='ltr'>large</span> <span class='ocrx_word' id='word_1_142' title='bbox 747 1771 863 1830; x_wconf 86' lang='lat' dir='ltr'>deterat</span> <span class='ocrx_word' id='word_1_143' title='bbox 894 1773 925 1830; x_wconf 90' lang='lat' dir='ltr'>et</span> <span class='ocrx_word' id='word_1_144' title='bbox 953 1774 1081 1831; x_wconf 89' lang='lat' dir='ltr'>misceat</span> <span class='ocrx_word' id='word_1_145' title='bbox 1110 1774 1179 1832; x_wconf 83' lang='lat' dir='ltr'>vino</span> 
     </span>
     <span class='ocr_line' id='line_1_19' title="bbox 155 1859 1179 1938; baseline 0.005 -21"><span class='ocrx_word' id='word_1_146' title='bbox 155 1862 315 1935; x_wconf 90' lang='lat' dir='ltr'>ternasque</span> <span class='ocrx_word' id='word_1_147' title='bbox 344 1859 479 1918; x_wconf 89' lang='lat' dir='ltr'>heminas</span> <span class='ocrx_word' id='word_1_148' title='bbox 507 1859 649 1936; x_wconf 90' lang='lat' dir='ltr'>praebeat</span> <span class='ocrx_word' id='word_1_149' title='bbox 674 1860 713 1919; x_wconf 91' lang='lat' dir='ltr'>ad</span> <span class='ocrx_word' id='word_1_150' title='bbox 741 1861 921 1935; x_wconf 87' lang='lat' dir='ltr'>potandum,</span> <span class='ocrx_word' id='word_1_151' title='bbox 952 1862 1179 1938; x_wconf 81' lang='lat' dir='ltr'>aegrotantibus</span> 
     </span>
     <span class='ocr_line' id='line_1_20' title="bbox 99 1947 1178 2026; baseline 0 -17"><span class='ocrx_word' id='word_1_152' title='bbox 99 1952 141 2009; x_wconf 89' lang='lat'>10</span> <span class='ocrx_word' id='word_1_153' title='bbox 156 1948 302 2007; x_wconf 87' lang='lat' dir='ltr'>subvenit.</span> <span class='ocrx_word' id='word_1_154' title='bbox 348 1947 476 2007; x_wconf 88' lang='lat' dir='ltr'>Plurimi</span> <span class='ocrx_word' id='word_1_155' title='bbox 498 1950 612 2008; x_wconf 91' lang='lat' dir='ltr'>caulem</span> <span class='ocrx_word' id='word_1_156' title='bbox 631 1951 703 2007; x_wconf 84' lang='lat' dir='ltr'>vitis</span> <span class='ocrx_word' id='word_1_157' title='bbox 727 1949 812 2009; x_wconf 90' lang='lat' dir='ltr'>albae</span> <span class='ocrx_word' id='word_1_158' title='bbox 831 1952 979 2010; x_wconf 84' lang='lat' dir='ltr'>concisam</span> <span class='ocrx_word' id='word_1_159' title='bbox 1002 1952 1096 2026; x_wconf 85' lang='lat' dir='ltr'>atque</span> <span class='ocrx_word' id='word_1_160' title='bbox 1120 1970 1178 2011; x_wconf 90' lang='lat' dir='ltr'>ser·</span> 
     </span>
     <span class='ocr_line' id='line_1_21' title="bbox 155 2035 1214 2117; baseline 0.003 -20"><span class='ocrx_word' id='word_1_161' title='bbox 155 2038 273 2113; x_wconf 85' lang='lat' dir='ltr'>pyllum</span> <span class='ocrx_word' id='word_1_162' title='bbox 303 2041 333 2096; x_wconf 93' lang='lat' dir='ltr'>et</span> <span class='ocrx_word' id='word_1_163' title='bbox 362 2038 489 2113; x_wconf 89' lang='lat' dir='ltr'>squillae</span> <span class='ocrx_word' id='word_1_164' title='bbox 518 2040 637 2114; x_wconf 79' lang='lat' dir='ltr'>partem</span> <span class='ocrx_word' id='word_1_165' title='bbox 666 2040 698 2097; x_wconf 93' lang='lat' dir='ltr'>in</span> <span class='ocrx_word' id='word_1_166' title='bbox 729 2035 807 2113; x_wconf 87' lang='lat' dir='ltr'>aqua</span> <span class='ocrx_word' id='word_1_167' title='bbox 833 2041 987 2098; x_wconf 90' lang='lat' dir='ltr'>macerant</span> <span class='ocrx_word' id='word_1_168' title='bbox 1017 2041 1214 2117; x_wconf 70' lang='lat' dir='ltr'>urnasque„</span> 
     </span>
     <span class='ocr_line' id='line_1_22' title="bbox 155 2128 1181 2209; baseline 0.004 -24"><span class='ocrx_word' id='word_1_169' title='bbox 155 2128 362 2203; x_wconf 78' lang='lat' dir='ltr'>heminas&#39;per</span> <span class='ocrx_word' id='word_1_170' title='bbox 384 2128 519 2185; x_wconf 89' lang='lat' dir='ltr'>triduum</span> <span class='ocrx_word' id='word_1_171' title='bbox 537 2128 690 2204; x_wconf 81' lang='lat' dir='ltr'>digerunt3</span> <span class='ocrx_word' id='word_1_172' title='bbox 714 2143 790 2203; x_wconf 87' lang='lat' dir='ltr'>quae</span> <span class='ocrx_word' id='word_1_173' title='bbox 808 2130 893 2203; x_wconf 90' lang='lat' dir='ltr'>potio</span> <span class='ocrx_word' id='word_1_174' title='bbox 913 2131 1047 2187; x_wconf 86' lang='lat' dir='ltr'>ventrem</span> <span class='ocrx_word' id='word_1_175' title='bbox 1067 2134 1181 2209; x_wconf 81' lang='lat' dir='ltr'>purgat</span> 
     </span>
     <span class='ocr_line' id='line_1_23' title="bbox 100 2215 1180 2295; baseline 0.003 -19"><span class='ocrx_word' id='word_1_176' title='bbox 100 2221 138 2277; x_wconf 89' lang='lat'>11</span> <span class='ocrx_word' id='word_1_177' title='bbox 156 2219 293 2293; x_wconf 80' lang='lat' dir='ltr'>viresque</span> <span class='ocrx_word' id='word_1_178' title='bbox 317 2216 481 2275; x_wconf 86' lang='lat' dir='ltr'>confirmat.</span> <span class='ocrx_word' id='word_1_179' title='bbox 526 2215 575 2275; x_wconf 89' lang='lat' dir='ltr'>Ad</span> <span class='ocrx_word' id='word_1_180' title='bbox 596 2219 717 2276; x_wconf 85' lang='lat' dir='ltr'>interna</span> <span class='ocrx_word' id='word_1_181' title='bbox 740 2220 841 2276; x_wconf 88' lang='lat' dir='ltr'>autem</span> <span class='ocrx_word' id='word_1_182' title='bbox 863 2217 996 2277; x_wconf 91' lang='lat' dir='ltr'>curanda</span> <span class='ocrx_word' id='word_1_183' title='bbox 1017 2219 1180 2295; x_wconf 88' lang='lat' dir='ltr'>praecipue</span> 
     </span>
     <span class='ocr_line' id='line_1_24' title="bbox 156 2306 1180 2382; baseline 0.002 -17"><span class='ocrx_word' id='word_1_184' title='bbox 156 2325 277 2365; x_wconf 91' lang='lat' dir='ltr'>amurca</span> <span class='ocrx_word' id='word_1_185' title='bbox 300 2307 431 2365; x_wconf 89' lang='lat' dir='ltr'>creditur</span> <span class='ocrx_word' id='word_1_186' title='bbox 454 2306 603 2381; x_wconf 87' lang='lat' dir='ltr'>salutaris,</span> <span class='ocrx_word' id='word_1_187' title='bbox 629 2308 656 2365; x_wconf 91' lang='lat' dir='ltr'>si</span> <span class='ocrx_word' id='word_1_188' title='bbox 678 2306 856 2365; x_wconf 88' lang='lat' dir='ltr'>tantundem</span> <span class='ocrx_word' id='word_1_189' title='bbox 878 2325 974 2382; x_wconf 90' lang='lat' dir='ltr'>aquae</span> <span class='ocrx_word' id='word_1_190' title='bbox 997 2308 1127 2369; x_wconf 88' lang='lat' dir='ltr'>misceas</span> <span class='ocrx_word' id='word_1_191' title='bbox 1150 2311 1180 2368; x_wconf 89' lang='lat' dir='ltr'>et</span> 
     </span>
     <span class='ocr_line' id='line_1_25' title="bbox 155 2395 1179 2474; baseline 0.003 -20"><span class='ocrx_word' id='word_1_192' title='bbox 155 2397 269 2455; x_wconf 88' lang='lat' dir='ltr'>animal</span> <span class='ocrx_word' id='word_1_193' title='bbox 300 2396 401 2455; x_wconf 88' lang='lat' dir='ltr'>bibere</span> <span class='ocrx_word' id='word_1_194' title='bbox 433 2398 613 2455; x_wconf 89' lang='lat' dir='ltr'>consuescat.</span> <span class='ocrx_word' id='word_1_195' title='bbox 663 2395 722 2454; x_wconf 82' lang='lat' dir='ltr'>Sed</span> <span class='ocrx_word' id='word_1_196' title='bbox 750 2396 823 2471; x_wconf 91' lang='lat' dir='ltr'>quia</span> <span class='ocrx_word' id='word_1_197' title='bbox 853 2396 925 2455; x_wconf 91' lang='lat' dir='ltr'>licet</span> <span class='ocrx_word' id='word_1_198' title='bbox 954 2395 1039 2455; x_wconf 92' lang='lat' dir='ltr'>sitiat</span> <span class='ocrx_word' id='word_1_199' title='bbox 1071 2400 1179 2474; x_wconf 88' lang='lat' dir='ltr'>potum</span> 
     </span>
    </p>
   </div>
   <div class='ocr_carea' id='block_1_3' title="bbox 154 2635 1179 3493">
    <p class='ocr_par' dir='ltr' id='par_1_3' title="bbox 154 2635 1179 3493">
     <span class='ocr_line' id='line_1_26' title="bbox 229 2635 1178 2707; baseline 0.003 -17"><span class='ocrx_word' id='word_1_200' title='bbox 229 2644 376 2691; x_wconf 90' lang='lat' dir='ltr'>lmanere</span> <span class='ocrx_word' id='word_1_201' title='bbox 395 2636 507 2690; x_wconf 88' lang='lat' dir='ltr'>dimitte</span> <span class='ocrx_word' id='word_1_202' title='bbox 526 2638 554 2690; x_wconf 92' lang='lat' dir='ltr'><em>P</em></span> <span class='ocrx_word' id='word_1_203' title='bbox 585 2637 589 2701; x_wconf 92' lang='grc' dir='ltr'>Ι</span> <span class='ocrx_word' id='word_1_204' title='bbox 628 2638 658 2690; x_wconf 92' lang='lat' dir='ltr'>et</span> <span class='ocrx_word' id='word_1_205' title='bbox 676 2635 743 2691; x_wconf 90' lang='lat' dir='ltr'>inde</span> <span class='ocrx_word' id='word_1_206' title='bbox 761 2653 930 2705; x_wconf 90' lang='lat' dir='ltr'>unoquoque</span> <span class='ocrx_word' id='word_1_207' title='bbox 948 2636 1014 2691; x_wconf 82' lang='lat' dir='ltr'>bovi</span> <span class='ocrx_word' id='word_1_208' title='bbox 1032 2638 1178 2707; x_wconf 84' lang='lat' dir='ltr'>tepefacto</span> 
     </span>
     <span class='ocr_line' id='line_1_27' title="bbox 154 2706 1179 2778; baseline 0.001 -16"><span class='ocrx_word' id='word_1_209' title='bbox 154 2709 195 2762; x_wconf 85' lang='lat' dir='ltr'>cd.</span> <span class='ocrx_word' id='word_1_210' title='bbox 208 2725 252 2777; x_wconf 80' lang='lat' dir='ltr'>pr.</span> <span class='ocrx_word' id='word_1_211' title='bbox 267 2709 295 2763; x_wconf 99' lang='lat' dir='ltr'><strong><em>A</em></strong></span> <span class='ocrx_word' id='word_1_212' title='bbox 314 2711 343 2762; x_wconf 87' lang='lat' dir='ltr'>et</span> <span class='ocrx_word' id='word_1_213' title='bbox 356 2708 451 2762; x_wconf 88' lang='lat' dir='ltr'>ieiuno</span> <span class='ocrx_word' id='word_1_214' title='bbox 470 2706 534 2760; x_wconf 86' lang='lat' dir='ltr'>bovi</span> <span class='ocrx_word' id='word_1_215' title='bbox 550 2707 680 2776; x_wconf 88' lang='lat' dir='ltr'>tepidum</span> <span class='ocrx_word' id='word_1_216' title='bbox 695 2710 723 2762; x_wconf 93' lang='lat' dir='ltr'><strong><em>P</em></strong></span> <span class='ocrx_word' id='word_1_217' title='bbox 751 2709 761 2777; x_wconf 82' lang='grc' dir='ltr'>ΙΙ</span> <span class='ocrx_word' id='word_1_218' title='bbox 793 2707 909 2762; x_wconf 80' lang='lat' dir='ltr'>2binos</span> <span class='ocrx_word' id='word_1_219' title='bbox 929 2710 996 2761; x_wconf 83' lang='lat' dir='ltr'>sext.</span> <span class='ocrx_word' id='word_1_220' title='bbox 1012 2710 1041 2763; x_wconf 95' lang='lat' dir='ltr'><strong><em>P</em></strong></span> <span class='ocrx_word' id='word_1_221' title='bbox 1071 2711 1081 2778; x_wconf 85' lang='grc' dir='ltr'>ΙΙ</span> <span class='ocrx_word' id='word_1_222' title='bbox 1114 2712 1179 2764; x_wconf 75' lang='lat' dir='ltr'>cet</span> 
     </span>
     <span class='ocr_line' id='line_1_28' title="bbox 155 2777 1179 2852; baseline 0.001 -20"><span class='ocrx_word' id='word_1_223' title='bbox 155 2779 196 2832; x_wconf 89' lang='lat' dir='ltr'>sic</span> <span class='ocrx_word' id='word_1_224' title='bbox 216 2797 252 2832; x_wconf 90' lang='lat' dir='ltr'>m.</span> <span class='ocrx_word' id='word_1_225' title='bbox 273 2796 314 2833; x_wconf 93' lang='lat' dir='ltr'>ae.</span> <span class='ocrx_word' id='word_1_226' title='bbox 336 2795 401 2848; x_wconf 87' lang='lat' dir='ltr'>que</span> <span class='ocrx_word' id='word_1_227' title='bbox 416 2777 529 2847; x_wconf 88' lang='lat' dir='ltr'>repellit</span> <span class='ocrx_word' id='word_1_228' title='bbox 548 2780 576 2832; x_wconf 95' lang='lat' dir='ltr'><strong><em>P</em></strong></span> <span class='ocrx_word' id='word_1_229' title='bbox 605 2781 614 2848; x_wconf 82' lang='grc' dir='ltr'>ΙΙ</span> <span class='ocrx_word' id='word_1_230' title='bbox 647 2785 662 2831; x_wconf 84' lang='lat'><strong>6</strong></span> <span class='ocrx_word' id='word_1_231' title='bbox 682 2795 793 2832; x_wconf 87' lang='lat' dir='ltr'>murrae</span> <span class='ocrx_word' id='word_1_232' title='bbox 818 2778 919 2833; x_wconf 87' lang='lat' dir='ltr'>enulae</span> <span class='ocrx_word' id='word_1_233' title='bbox 944 2779 1000 2833; x_wconf 85' lang='lat' dir='ltr'>bet.</span> <span class='ocrx_word' id='word_1_234' title='bbox 1023 2779 1179 2852; x_wconf 79' lang='lat' dir='ltr'>diligenter</span> 
     </span>
     <span class='ocr_line' id='line_1_29' title="bbox 154 2846 1176 2920; baseline 0.002 -16"><span class='ocrx_word' id='word_1_235' title='bbox 154 2853 214 2904; x_wconf 87' lang='lat' dir='ltr'>tere</span> <span class='ocrx_word' id='word_1_236' title='bbox 233 2852 281 2919; x_wconf 82' lang='grc' dir='ltr'>ΡΙΙ</span> <span class='ocrx_word' id='word_1_237' title='bbox 297 2856 312 2903; x_wconf 79' lang='grc'>1</span> <span class='ocrx_word' id='word_1_238' title='bbox 331 2868 395 2905; x_wconf 92' lang='lat' dir='ltr'>cum</span> <span class='ocrx_word' id='word_1_239' title='bbox 412 2855 520 2903; x_wconf 82' lang='lat' dir='ltr'>m.-9</span> <span class='ocrx_word' id='word_1_240' title='bbox 540 2846 759 2920; x_wconf 71' lang='lat' dir='ltr'>tritaecmPss</span> <span class='ocrx_word' id='word_1_241' title='bbox 780 2855 796 2903; x_wconf 90' lang='lat'>8</span> <span class='ocrx_word' id='word_1_242' title='bbox 814 2850 932 2904; x_wconf 88' lang='lat' dir='ltr'>iuvenco</span> <span class='ocrx_word' id='word_1_243' title='bbox 950 2851 978 2905; x_wconf 98' lang='lat' dir='ltr'><strong><em>A</em></strong></span> <span class='ocrx_word' id='word_1_244' title='bbox 998 2852 1008 2920; x_wconf 79' lang='grc' dir='ltr'>ΙΙ</span> <span class='ocrx_word' id='word_1_245' title='bbox 1031 2855 1047 2904; x_wconf 86' lang='grc'>9</span> <span class='ocrx_word' id='word_1_246' title='bbox 1068 2869 1134 2906; x_wconf 91' lang='lat' dir='ltr'>cum</span> <span class='ocrx_word' id='word_1_247' title='bbox 1152 2870 1176 2906; x_wconf 86' lang='lat' dir='ltr'>v.</span> 
     </span>
     <span class='ocr_line' id='line_1_30' title="bbox 154 2919 1178 3046; baseline 0.005 -72"><span class='ocrx_word' id='word_1_248' title='bbox 154 2937 266 2990; x_wconf 89' lang='lat' dir='ltr'>quoque</span> <span class='ocrx_word' id='word_1_249' title='bbox 285 2922 325 2977; x_wconf 79' lang='lat' dir='ltr'>cd,</span> <span class='ocrx_word' id='word_1_250' title='bbox 336 2939 381 2991; x_wconf 85' lang='lat' dir='ltr'>pr.</span> <span class='ocrx_word' id='word_1_251' title='bbox 398 2922 425 2975; x_wconf 93' lang='lat' dir='ltr'><strong><em>A</em></strong></span> <span class='ocrx_word' id='word_1_252' title='bbox 441 2924 445 2988; x_wconf 89' lang='grc' dir='ltr'>Ι</span> <span class='ocrx_word' id='word_1_253' title='bbox 461 2919 585 2975; x_wconf 86' lang='lat' dir='ltr'>infusum</span> <span class='ocrx_word' id='word_1_254' title='bbox 604 2924 710 3046; x_wconf 64' lang='lat' dir='ltr'>purqet</span> <span class='ocrx_word' id='word_1_255' title='bbox 728 2924 814 2992; x_wconf 91' lang='lat' dir='ltr'>caput</span> <span class='ocrx_word' id='word_1_256' title='bbox 829 2921 948 2976; x_wconf 90' lang='lat' dir='ltr'>iumenti</span> <span class='ocrx_word' id='word_1_257' title='bbox 963 2924 991 2977; x_wconf 94' lang='lat' dir='ltr'><strong><em>P</em></strong></span> <span class='ocrx_word' id='word_1_258' title='bbox 1002 2926 1011 2992; x_wconf 75' lang='grc' dir='ltr'>ΙΙ</span> <span class='ocrx_word' id='word_1_259' title='bbox 1027 2928 1061 2976; x_wconf 88' lang='grc'>10</span> <span class='ocrx_word' id='word_1_260' title='bbox 1080 2924 1178 2979; x_wconf 87' lang='lat' dir='ltr'>iuven·</span> 
     </span>
     <span class='ocr_line' id='line_1_31' title="bbox 154 2991 1177 3064; baseline 0.003 -18"><span class='ocrx_word' id='word_1_261' title='bbox 154 3008 251 3046; x_wconf 85' lang='lat' dir='ltr'>corum</span> <span class='ocrx_word' id='word_1_262' title='bbox 269 2994 298 3047; x_wconf 96' lang='lat' dir='ltr'><strong><em>A</em></strong></span> <span class='ocrx_word' id='word_1_263' title='bbox 317 3010 340 3047; x_wconf 86' lang='lat' dir='ltr'>o.</span> <span class='ocrx_word' id='word_1_264' title='bbox 357 3009 379 3046; x_wconf 89' lang='lat' dir='ltr'>c.</span> <span class='ocrx_word' id='word_1_265' title='bbox 398 2992 523 3046; x_wconf 88' lang='lat' dir='ltr'>iuvencis</span> <span class='ocrx_word' id='word_1_266' title='bbox 536 2992 640 3046; x_wconf 88' lang='lat' dir='ltr'>ieiunis</span> <span class='ocrx_word' id='word_1_267' title='bbox 679 2994 728 3046; x_wconf 89' lang='lat' dir='ltr'>ata</span> <span class='ocrx_word' id='word_1_268' title='bbox 746 2991 894 3047; x_wconf 86' lang='lat' dir='ltr'>fastidium</span> <span class='ocrx_word' id='word_1_269' title='bbox 908 3009 1101 3064; x_wconf 86' lang='lat' dir='ltr'>nauseamque</span> <span class='ocrx_word' id='word_1_270' title='bbox 1121 2996 1177 3050; x_wconf 73' lang='lat' dir='ltr'>dia</span> 
     </span>
     <span class='ocr_line' id='line_1_32' title="bbox 155 3063 1177 3137; baseline 0.004 -20"><span class='ocrx_word' id='word_1_271' title='bbox 155 3064 329 3132; x_wconf 75' lang='lat' dir='ltr'>cutiuntPll</span> <span class='ocrx_word' id='word_1_272' title='bbox 344 3069 376 3118; x_wconf 90' lang='lat'>11</span> <span class='ocrx_word' id='word_1_273' title='bbox 397 3079 430 3117; x_wconf 94' lang='lat' dir='ltr'>ac</span> <span class='ocrx_word' id='word_1_274' title='bbox 448 3081 474 3116; x_wconf 93' lang='lat' dir='ltr'>n.</span> <span class='ocrx_word' id='word_1_275' title='bbox 489 3064 530 3119; x_wconf 82' lang='lat' dir='ltr'>cd.</span> <span class='ocrx_word' id='word_1_276' title='bbox 543 3081 586 3133; x_wconf 80' lang='lat' dir='ltr'>pr.</span> <span class='ocrx_word' id='word_1_277' title='bbox 601 3067 611 3133; x_wconf 76' lang='grc'>11</span> <span class='ocrx_word' id='word_1_278' title='bbox 626 3070 658 3117; x_wconf 77' lang='lat'>12</span> <span class='ocrx_word' id='word_1_279' title='bbox 679 3063 768 3118; x_wconf 88' lang='lat' dir='ltr'>salem</span> <span class='ocrx_word' id='word_1_280' title='bbox 782 3082 809 3133; x_wconf 90' lang='lat' dir='ltr'>p.</span> <span class='ocrx_word' id='word_1_281' title='bbox 824 3063 936 3119; x_wconf 87' lang='lat' dir='ltr'>misceri</span> <span class='ocrx_word' id='word_1_282' title='bbox 954 3065 994 3119; x_wconf 84' lang='lat' dir='ltr'>ed.</span> <span class='ocrx_word' id='word_1_283' title='bbox 1010 3083 1051 3134; x_wconf 81' lang='lat' dir='ltr'>pr.</span> <span class='ocrx_word' id='word_1_284' title='bbox 1069 3069 1075 3136; x_wconf 81' lang='grc' dir='ltr'>Ι</span> <span class='ocrx_word' id='word_1_285' title='bbox 1091 3083 1177 3137; x_wconf 85' lang='lat' dir='ltr'>saepe</span> 
     </span>
     <span class='ocr_line' id='line_1_33' title="bbox 154 3134 1176 3207; baseline 0.003 -19"><span class='ocrx_word' id='word_1_286' title='bbox 154 3135 231 3189; x_wconf 87' lang='lat' dir='ltr'>misc.</span> <span class='ocrx_word' id='word_1_287' title='bbox 248 3137 296 3204; x_wconf 84' lang='lat' dir='ltr'>Pl</span> <span class='ocrx_word' id='word_1_288' title='bbox 311 3141 344 3189; x_wconf 89' lang='grc'>14</span> <span class='ocrx_word' id='word_1_289' title='bbox 364 3134 513 3189; x_wconf 87' lang='lat' dir='ltr'>etiamom.</span> <span class='ocrx_word' id='word_1_290' title='bbox 529 3135 625 3205; x_wconf 78' lang='lat' dir='ltr'>cdpr.</span> <span class='ocrx_word' id='word_1_291' title='bbox 641 3138 669 3189; x_wconf 87' lang='lat' dir='ltr'><strong><em>A</em></strong></span> <span class='ocrx_word' id='word_1_292' title='bbox 685 3138 689 3204; x_wconf 85' lang='grc' dir='ltr'>Ι</span> <span class='ocrx_word' id='word_1_293' title='bbox 705 3152 770 3189; x_wconf 91' lang='lat' dir='ltr'>cum</span> <span class='ocrx_word' id='word_1_294' title='bbox 788 3154 824 3189; x_wconf 93' lang='lat' dir='ltr'>m.</span> <span class='ocrx_word' id='word_1_295' title='bbox 843 3152 894 3204; x_wconf 91' lang='lat' dir='ltr'>per</span> <span class='ocrx_word' id='word_1_296' title='bbox 912 3152 994 3190; x_wconf 88' lang='lat' dir='ltr'>nares</span> <span class='ocrx_word' id='word_1_297' title='bbox 1014 3136 1058 3191; x_wconf 87' lang='lat' dir='ltr'>vel</span> <span class='ocrx_word' id='word_1_298' title='bbox 1076 3153 1129 3207; x_wconf 89' lang='lat' dir='ltr'>per</span> <span class='ocrx_word' id='word_1_299' title='bbox 1146 3155 1176 3191; x_wconf 87' lang='lat' dir='ltr'>os</span> 
     </span>
     <span class='ocr_line' id='line_1_34' title="bbox 154 3205 1176 3276; baseline 0.003 -16"><span class='ocrx_word' id='word_1_300' title='bbox 154 3205 281 3276; x_wconf 91' lang='lat' dir='ltr'>proderit</span> <span class='ocrx_word' id='word_1_301' title='bbox 300 3208 328 3261; x_wconf 94' lang='lat' dir='ltr'><strong><em>P</em></strong></span> <span class='ocrx_word' id='word_1_302' title='bbox 354 3209 363 3276; x_wconf 88' lang='grc' dir='ltr'>ΙΙ</span> <span class='ocrx_word' id='word_1_303' title='bbox 388 3211 421 3260; x_wconf 82' lang='lat'>16</span> <span class='ocrx_word' id='word_1_304' title='bbox 438 3222 495 3260; x_wconf 93' lang='lat' dir='ltr'>non</span> <span class='ocrx_word' id='word_1_305' title='bbox 513 3224 550 3259; x_wconf 90' lang='lat' dir='ltr'>m.</span> <span class='ocrx_word' id='word_1_306' title='bbox 566 3209 593 3261; x_wconf 93' lang='lat' dir='ltr'><strong><em>P</em></strong></span> <span class='ocrx_word' id='word_1_307' title='bbox 620 3208 624 3275; x_wconf 90' lang='grc' dir='ltr'>Ι</span> <span class='ocrx_word' id='word_1_308' title='bbox 654 3206 812 3261; x_wconf 87' lang='lat' dir='ltr'>medicinae</span> <span class='ocrx_word' id='word_1_309' title='bbox 830 3207 857 3260; x_wconf 94' lang='lat' dir='ltr'>b.</span> <span class='ocrx_word' id='word_1_310' title='bbox 876 3207 977 3261; x_wconf 86' lang='lat' dir='ltr'>horum</span> <span class='ocrx_word' id='word_1_311' title='bbox 996 3223 1019 3262; x_wconf 91' lang='lat' dir='ltr'>c.</span> <span class='ocrx_word' id='word_1_312' title='bbox 1039 3209 1176 3263; x_wconf 88' lang='lat' dir='ltr'>submini-</span> 
     </span>
     <span class='ocr_line' id='line_1_35' title="bbox 155 3276 1174 3350; baseline 0 -18"><span class='ocrx_word' id='word_1_313' title='bbox 155 3280 281 3332; x_wconf 88' lang='lat' dir='ltr'>strantur</span> <span class='ocrx_word' id='word_1_314' title='bbox 298 3278 339 3332; x_wconf 84' lang='lat' dir='ltr'>ed.</span> <span class='ocrx_word' id='word_1_315' title='bbox 350 3295 394 3347; x_wconf 79' lang='lat' dir='ltr'>pr.</span> <span class='ocrx_word' id='word_1_316' title='bbox 414 3277 570 3332; x_wconf 85' lang='lat' dir='ltr'>medicinas</span> <span class='ocrx_word' id='word_1_317' title='bbox 589 3276 615 3331; x_wconf 93' lang='lat' dir='ltr'>b.</span> <span class='ocrx_word' id='word_1_318' title='bbox 635 3278 705 3332; x_wconf 91' lang='lat' dir='ltr'>hora</span> <span class='ocrx_word' id='word_1_319' title='bbox 724 3295 746 3332; x_wconf 90' lang='lat' dir='ltr'>c.</span> <span class='ocrx_word' id='word_1_320' title='bbox 762 3296 783 3332; x_wconf 91' lang='lat' dir='ltr'>s.</span> <span class='ocrx_word' id='word_1_321' title='bbox 798 3279 826 3333; x_wconf 97' lang='lat' dir='ltr'><strong><em>A</em></strong></span> <span class='ocrx_word' id='word_1_322' title='bbox 850 3279 860 3348; x_wconf 91' lang='grc' dir='ltr'>ΙΙ</span> <span class='ocrx_word' id='word_1_323' title='bbox 888 3284 922 3332; x_wconf 79' lang='grc'>11</span> <span class='ocrx_word' id='word_1_324' title='bbox 941 3278 1058 3334; x_wconf 86' lang='lat' dir='ltr'>sauinae</span> <span class='ocrx_word' id='word_1_325' title='bbox 1077 3280 1118 3334; x_wconf 82' lang='lat' dir='ltr'>cd.</span> <span class='ocrx_word' id='word_1_326' title='bbox 1130 3297 1174 3350; x_wconf 82' lang='lat' dir='ltr'>pr.</span> 
     </span>
     <span class='ocr_line' id='line_1_36' title="bbox 155 3347 1176 3420; baseline 0 -16"><span class='ocrx_word' id='word_1_327' title='bbox 155 3350 183 3404; x_wconf 82' lang='lat' dir='ltr'><strong><em>A</em></strong></span> <span class='ocrx_word' id='word_1_328' title='bbox 212 3353 216 3416; x_wconf 81' lang='grc'>1</span> <span class='ocrx_word' id='word_1_329' title='bbox 246 3348 270 3402; x_wconf 85' lang='lat' dir='ltr'>si</span> <span class='ocrx_word' id='word_1_330' title='bbox 288 3349 351 3417; x_wconf 89' lang='lat' dir='ltr'>quis</span> <span class='ocrx_word' id='word_1_331' title='bbox 374 3348 446 3403; x_wconf 90' lang='lat' dir='ltr'>bene</span> <span class='ocrx_word' id='word_1_332' title='bbox 466 3349 541 3401; x_wconf 87' lang='lat' dir='ltr'>terat</span> <span class='ocrx_word' id='word_1_333' title='bbox 559 3351 588 3402; x_wconf 90' lang='lat' dir='ltr'>et</span> <span class='ocrx_word' id='word_1_334' title='bbox 608 3347 728 3403; x_wconf 87' lang='lat' dir='ltr'>misceas</span> <span class='ocrx_word' id='word_1_335' title='bbox 749 3350 809 3404; x_wconf 89' lang='lat' dir='ltr'>vini</span> <span class='ocrx_word' id='word_1_336' title='bbox 826 3351 922 3404; x_wconf 87' lang='lat' dir='ltr'>ternas</span> <span class='ocrx_word' id='word_1_337' title='bbox 940 3350 968 3404; x_wconf 90' lang='lat' dir='ltr'>h.</span> <span class='ocrx_word' id='word_1_338' title='bbox 988 3352 1017 3405; x_wconf 90' lang='grc'>11</span> <span class='ocrx_word' id='word_1_339' title='bbox 1039 3351 1176 3420; x_wconf 84' lang='lat' dir='ltr'>praebeat</span> 
     </span>
     <span class='ocr_line' id='line_1_37' title="bbox 155 3418 1177 3493; baseline 0.005 -20"><span class='ocrx_word' id='word_1_340' title='bbox 155 3421 184 3473; x_wconf 95' lang='lat' dir='ltr'><strong><em>P</em></strong></span> <span class='ocrx_word' id='word_1_341' title='bbox 211 3422 221 3488; x_wconf 75' lang='grc'>11</span> <span class='ocrx_word' id='word_1_342' title='bbox 254 3425 287 3473; x_wconf 82' lang='grc'>19</span> <span class='ocrx_word' id='word_1_343' title='bbox 305 3418 477 3488; x_wconf 83' lang='lat' dir='ltr'>plurimique</span> <span class='ocrx_word' id='word_1_344' title='bbox 496 3420 535 3473; x_wconf 82' lang='lat' dir='ltr'>ed.</span> <span class='ocrx_word' id='word_1_345' title='bbox 549 3418 596 3488; x_wconf 71' lang='lat' dir='ltr'>pr.</span> <span class='ocrx_word' id='word_1_346' title='bbox 612 3422 640 3474; x_wconf 92' lang='lat' dir='ltr'><strong><em>A</em></strong></span> <span class='ocrx_word' id='word_1_347' title='bbox 674 3421 680 3489; x_wconf 93' lang='grc' dir='ltr'>Ι</span> <span class='ocrx_word' id='word_1_348' title='bbox 710 3419 750 3490; x_wconf 90' lang='lat' dir='ltr'>pl.</span> <span class='ocrx_word' id='word_1_349' title='bbox 765 3422 878 3476; x_wconf 88' lang='lat' dir='ltr'>tuberes</span> <span class='ocrx_word' id='word_1_350' title='bbox 896 3437 920 3475; x_wconf 81' lang='lat' dir='ltr'>v.</span> <span class='ocrx_word' id='word_1_351' title='bbox 940 3438 965 3476; x_wconf 85' lang='lat' dir='ltr'>a.</span> <span class='ocrx_word' id='word_1_352' title='bbox 985 3421 1134 3493; x_wconf 83' lang='lat' dir='ltr'>serpillum</span> <span class='ocrx_word' id='word_1_353' title='bbox 1147 3426 1177 3478; x_wconf 88' lang='lat' dir='ltr'>et</span> 
     </span>
    </p>
   </div>
   <div class='ocr_carea' id='block_1_4' title="bbox 155 3489 1176 3630">
    <p class='ocr_par' dir='ltr' id='par_1_4' title="bbox 155 3489 1176 3630">
     <span class='ocr_line' id='line_1_38' title="bbox 155 3489 1176 3616; baseline 0.006 -73"><span class='ocrx_word' id='word_1_354' title='bbox 155 3489 289 3614; x_wconf 57' lang='lat' dir='ltr'>squillqm</span> <span class='ocrx_word' id='word_1_355' title='bbox 306 3490 336 3544; x_wconf 91' lang='lat' dir='ltr'>in</span> <span class='ocrx_word' id='word_1_356' title='bbox 342 3507 380 3616; x_wconf 61' lang='lat' dir='ltr'>p</span> <span class='ocrx_word' id='word_1_357' title='bbox 395 3509 432 3544; x_wconf 93' lang='lat' dir='ltr'>m.</span> <span class='ocrx_word' id='word_1_358' title='bbox 451 3492 603 3559; x_wconf 89' lang='lat' dir='ltr'>ternasque</span> <span class='ocrx_word' id='word_1_359' title='bbox 620 3492 648 3544; x_wconf 92' lang='lat' dir='ltr'>h.</span> <span class='ocrx_word' id='word_1_360' title='bbox 669 3491 785 3547; x_wconf 85' lang='lat' dir='ltr'>diurnas</span> <span class='ocrx_word' id='word_1_361' title='bbox 803 3510 854 3563; x_wconf 90' lang='lat' dir='ltr'>per</span> <span class='ocrx_word' id='word_1_362' title='bbox 872 3496 906 3547; x_wconf 91' lang='lat' dir='ltr'>tr.</span> <span class='ocrx_word' id='word_1_363' title='bbox 927 3495 955 3547; x_wconf 95' lang='lat' dir='ltr'><strong><em>P</em></strong></span> <span class='ocrx_word' id='word_1_364' title='bbox 979 3496 989 3563; x_wconf 75' lang='grc'>11</span> <span class='ocrx_word' id='word_1_365' title='bbox 1014 3500 1049 3548; x_wconf 72' lang='lat'>22</span> <span class='ocrx_word' id='word_1_366' title='bbox 1068 3512 1093 3549; x_wconf 87' lang='lat' dir='ltr'>v.</span> <span class='ocrx_word' id='word_1_367' title='bbox 1108 3512 1176 3563; x_wconf 89' lang='lat' dir='ltr'>quo·</span> 
     </span>
     <span class='ocr_line' id='line_1_39' title="bbox 155 3575 971 3630; baseline 0 -18"><span class='ocrx_word' id='word_1_368' title='bbox 155 3575 210 3626; x_wconf 90' lang='lat' dir='ltr'>que</span> <span class='ocrx_word' id='word_1_369' title='bbox 229 3578 243 3615; x_wconf 84' lang='lat' dir='ltr'>e</span> <span class='ocrx_word' id='word_1_370' title='bbox 264 3579 325 3630; x_wconf 61' lang='grc' dir='ltr'>,μ</span> <span class='ocrx_word' id='word_1_371' title='bbox 697 3603 698 3606; x_wconf 66' lang='lat'>,</span> <span class='ocrx_word' id='word_1_372' title='bbox 755 3603 758 3608; x_wconf 86' lang='lat'><strong>.</strong></span> <span class='ocrx_word' id='word_1_373' title='bbox 957 3607 971 3612; x_wconf 75' lang='grc'>,,</span> 
     </span>
    </p>
   </div>
   <div class='ocr_carea' id='block_1_5' title="bbox 0 0 1260 3892">
    <p class='ocr_par' dir='ltr' id='par_1_5' title="bbox 0 0 1260 3892">
     <span class='ocr_line' id='line_1_40' title="bbox 0 0 1260 3892; baseline 0 1"><span class='ocrx_word' id='word_1_374' title='bbox 0 0 1260 3892; x_wconf 95' lang='lat' dir='ltr'> </span> 
     </span>
    </p>
   </div>
  </div>
 </body>
</html>
