2509 3892
164 123 230 189 226
604 118 740 175 vncnnr

165 293 290 367 impleat
308 308 402 349 nares.
446 287 536 349 (luins
554 290 656 348 tamen
674 290 757 366 prius
776 290 877 349 oculos
895 289 1015 367 ligabis,
1034 307 1070 348 ne
1087 289 1174 348 medi-

131 380 294 440 lcamenti
326 378 489 439 acerbitate
518 377 684 437 laedantur.
731 376 850 437 Herbae
882 396 1003 454 quoque
1036 378 1174 437 marrubii

164 468 340 528 fasciculum
370 486 462 544 qnam
490 485 631 544 magnum
660 466 791 526 volueris
818 467 933 526 deteres
963 471 993 527 et
1021 486 1087 526 cum
1112 468 1175 527 oleo
1248 465 1249 556 l

165 562 195 617 et
217 560 287 617 rino
310 557 412 617 sucido
435 556 608 633 permisces,
631 556 735 614 addita
757 555 846 632 adipe
869 558 989 616 cervina
1011 556 1060 616 vel
1082 558 1108 616 si
1129 555 1175 614 de·

164 647 269 720 fuerit,
297 647 456 706 vervecina
483 664 574 721 qnam
602 664 672 704 cum
695 663 761 704 cera
787 646 912 705 resolvis
942 649 973 705 et
1001 646 1074 704 dum
1099 649 1209 721 tepet

130 738 279 797 dfaotum
310 737 403 795 fuerit
437 734 475 794 ad
510 752 602 793 comu
639 734 757 811 digeris.
806 732 1007 794 Gravissimae
1040 734 1175 794 subvenit

85 888 87 890 ,
163 826 252 901 tussi,
282 827 309 884 si
335 825 446 901 pilulas
474 823 606 899 cupressi
636 823 784 899 decoquas
814 826 845 882 et
873 842 981 901 purges
1012 823 1176 903 diligenter,

164 915 267 974 addita
285 913 416 992 axungia
438 916 469 971 et
491 931 543 971 aro
564 911 679 971 Gallico
702 915 734 971 et
751 913 832 972 foliis
855 913 1053 973 tenerioribus
1072 913 1176 972 herbae

162 1006 343 1080 parietariae
365 1002 530 1062 contrmdas
553 1004 585 1060 in
608 1001 673 1078 pile
691 1004 721 1059 et
743 1002 881 1077 pastillos
905 1002 942 1061 ad
961 1002 1046 1062 nucis
1065 1003 1173 1080 magni·
1249 987 1250 1014 ¹

162 1093 298 1152 tudinem
320 1093 423 1166 facies,
446 1110 521 1168 quos
544 1090 755 1166 pertriduum
776 1092 905 1167 impares
927 1093 961 1149 in
983 1090 1083 1166 melle,
1105 1091 1173 1163 oleo,
1186 1111 1207 1152 a

128 1184 233 1243 brino
256 1200 359 1258 passo,
387 1180 450 1240 ovis
473 1179 616 1239 intinctos
647 1179 763 1240 deicias.
805 1179 839 1239 Si
860 1181 961 1257 placet
989 1198 1045 1257 pro
1076 1180 1173 1257 pilulis

163 1272 255 1330 etiam
277 1271 352 1329 folia
374 1271 506 1347 cupressi
533 1272 658 1329 contuse
685 1270 809 1328 miscere
837 1286 905 1327 cum
928 1270 1067 1328 omnibus
1091 1287 1175 1346 supra

162 1361 296 1436 scriptis,
324 1364 410 1435 potes
440 1358 631 1434 liquidiorem
658 1358 754 1417 facere
786 1360 939 1435 potionem
970 1361 1000 1416 et
1028 1358 1100 1418 dare
1127 1377 1176 1434 per
1250 1387 1251 1402 r

162 1469 261 1509 cornu.
303 1449 352 1507 Ad
375 1466 476 1507 omnes
497 1450 593 1506 tusses
612 1448 704 1506 talem
728 1447 832 1506 dedere
855 1448 990 1524 plerique
1013 1450 1175 1523 potionem:
1250 1437 1251 1450 ¹

160 1538 311 1597 tracanthi
343 1556 409 1596 unc.
432 1536 457 1610 1,
484 1536 596 1613 piperis
627 1554 693 1595 unc.
716 1535 741 1610 1,
768 1536 899 1595 hormini
930 1537 1052 1596 seminis
1084 1536 1134 1595 lib.
1152 1534 1207 1609 Lu

163 1626 274 1686 cumini
291 1644 356 1685 unc.
376 1626 400 1700 Ι,
422 1643 541 1684 murrae
558 1644 623 1685 unc.
644 1626 667 1699 Ι,
686 1626 785 1702 spicae
803 1626 890 1684 nardi
908 1624 1008 1684 unci
1032 1625 1175 1685 detrivere

161 1716 296 1775 sollerter
325 1719 445 1775 etcum
475 1713 591 1774 duobus
619 1716 756 1773 sextariis
782 1716 865 1792 passi
891 1733 945 1791 per
971 1713 1108 1773 triduum
1130 1714 1174 1772 de·
1251 1791 1252 1794 Ἴ

160 1805 270 1863 fudere.

265 1940 450 2010 CXXXII.
473 1942 528 2007 Ad
552 1941 661 2007 tussim
683 1942 797 2006 siccam
820 1941 867 2005 cel
888 1942 1070 2023 suspirium.

52 2046 197 2142 ffissssffff
245 2054 292 2113 Ad
315 2055 456 2112 arteriam
484 2056 690 2130 exasperatam
719 2056 750 2112 et
777 2053 815 2111 ad
838 2053 1001 2129 suspirium
1023 2052 1073 2112 vel
1097 2071 1207 2131 spes-n

197 2163 293 2203 mum:
321 2143 453 2220 hyssopi,
474 2143 524 2203 lib.
544 2142 572 2217 Ι,
595 2143 675 2202 faeni
705 2139 811 2202 Graeci
840 2141 937 2215 selib.‚
961 2143 1083 2201 seminis
1114 2143 1174 2214 lini,

159 2234 322 2307 tracanthi,
356 2233 530 2310 anagallici,
559 2235 646 2291 rutae
680 2231 785 2291 viridis
816 2229 908 2304 selib.‚
943 2230 1014 2289 salis
1047 2232 1173 2291 mediam

159 2324 309 2382 heminam
328 2325 460 2380 conteres
484 2324 515 2379 et
532 2339 628 2397 nsque
647 2320 686 2379 ad
703 2323 808 2379 tertias
827 2320 973 2395 decoquas
993 2338 1061 2379 cnm
1079 2338 1173 2396 passo,

230 2455 418 2510 2Pel.o.93.
456 2453 645 2508 4Pel.o.92.
684 2452 872 2508 operosa
919 2458 952 2509 14
970 2452 1127 2509 Pel.c.95.

159 2533 193 2581 20
213 2527 269 2581 Pel.
285 2544 307 2580 c.
323 2531 365 2579 96.

230 2656 329 2704 3cum
348 2667 399 2704 ovo
420 2652 459 2704 ed.
471 2669 515 2719 pr.
531 2653 570 2721 d4
590 2650 728 2704 admisces
747 2650 787 2704 ed.
797 2669 843 2720 pr.
858 2653 886 2705 A
906 2652 916 2718 ΙΙ
939 2648 1174 2706 sverbenaoeam

157 2724 196 2778 cd.
208 2739 253 2792 pr.
270 2724 274 2790 1
291 2737 362 2790 quas
377 2724 405 2776 A
419 2738 469 2777 om.
485 2723 524 2777 ed.
534 2740 578 2792 pr.
596 2724 600 2791 Ι
616 2724 646 2776 et
660 2738 723 2775 cum
737 2721 837 2791 tepida
851 2721 888 2776 ad
902 2737 925 2776 c.
940 2722 981 2775 ed.
988 2739 1032 2790 pr.
1048 2724 1058 2791 ΙΙ
1073 2726 1087 2774 7
1104 2721 1174 2792 piln-

157 2793 215 2847 lem
234 2792 260 2845 L
283 2794 293 2861 ΙΙ
316 2797 332 2844 8
352 2808 405 2846 ano
425 2791 457 2847 G.
472 2792 499 2846 L
518 2809 595 2847 armo
615 2792 646 2847 G.
663 2796 690 2848 A
710 2809 791 2863 anag.
807 2793 847 2848 ed.
858 2811 903 2862 pr.
934 2796 938 2863 Ι
968 2796 997 2848 et
1015 2793 1078 2864 fol]
1098 2791 1174 2863 appii

156 2898 303 2954 tenerioris
317 2901 345 2953 A
359 2901 369 2969 ss
384 2903 417 2952 10
435 2915 487 2968 per
504 2901 537 2953 tr.
553 2899 580 2953 L
594 2900 652 2954 Pel.
672 2899 800 2966 quotidie
814 2900 854 2954 cd.
866 2917 910 2969 pr.
926 2902 954 2954 A
969 2900 974 2969 Ι
990 2881 1114 2971 impdies
1128 2900 1155 2954 L
1170 2897 1173 2970 Ι

157 3023 274 3061 cumm.
290 3007 319 3061 et
337 3020 362 3061 o.
382 3007 411 3061 et
428 3023 452 3058 v.
467 3006 507 3059 ed.
518 3009 607 3075 pr.A
645 3007 655 3074 ΙΙ
693 3012 724 3060 11
746 3006 805 3060 ovis
823 3006 888 3077 int]
905 2985 939 3071 it
957 2987 1175 3089 siitinctosL'll

158 3083 191 3132 15
214 3077 340 3147 traganti
358 3077 488 3147 myrrhoe
512 3077 606 3146 spicae
632 3077 716 3131 nardi
742 3093 797 3132 ana
822 3093 884 3132 unc.
905 3077 919 3130 Ι
943 3077 983 3131 ed.
1003 3096 1058 3147 pr„
1076 3081 1105 3134 A
1128 3095 1175 3147 qur

152 3151 258 3274 pprpe't:
271 3148 320 3273 dpi
340 3148 395 3272 erge
415 3149 555 3274 deqeriues
578 3148 704 3203 solerunt
735 3151 745 3218 ΙΙ
777 3154 810 3202 17
830 3147 967 3203 defundes
985 3148 1013 3202 L
1036 3148 1173 3204 diffudere

154 3239 195 3277 e.
206 3238 251 3290 pr.
292 3238 301 3272 r
344 3238 363 3273 n
385 3235 430 3273 cre
840 3237 843 3242 ·

227 3296 260 3345 19
285 3291 323 3343 ad
348 3290 449 3343 tussim
473 3307 494 3345 s.
516 3291 561 3344 vel
584 3308 605 3344 s.
625 3292 655 3345 et
680 3291 717 3345 ad
743 3293 795 3345 art.
819 3291 965 3346 contonat
982 3291 1009 3344 L
1042 3294 1052 3360 ΙΙ
1084 3297 1119 3346 20
1137 3290 1173 3347 ad

155 3363 307 3431 suspirium
327 3360 371 3414 vel
390 3360 513 3428 spatium
532 3363 560 3415 P
577 3379 650 3431 susp.
671 3361 716 3415 vel
735 3379 785 3416 om.
800 3363 841 3417 cd.
852 3379 896 3431 pr.
911 3364 939 3417 A
953 3365 963 3432 ΙΙ
977 3369 1010 3418 21
1030 3363 1049 3418 f.
1066 3362 1111 3418 Gr.
1125 3362 1172 3416 lib.

154 3431 182 3486 L
196 3436 201 3501 Ι
217 3448 283 3486 sem.
313 3431 366 3485 lini
383 3433 452 3485 trac.
467 3447 517 3485 om.
532 3431 558 3483 L
575 3436 585 3501 u
603 3439 636 3486 22
656 3434 699 3487 ari
718 3432 749 3487 G.
764 3433 822 3489 Pol.
841 3432 969 3503 simphiti
987 3436 1036 3505 Pu
1051 3441 1084 3489 2⁸
1102 3435 1174 3490 hem.

155 3503 301 3556 dimidiam
315 3503 355 3555 ed.
371 3519 415 3569 pr.
430 3502 502 3554 hem.
518 3519 538 3554 s.
553 3503 729 3572 Pltcrtiam
748 3506 787 3559 cd.
798 3521 844 3574 pr.
