2509 3892
606 160 742 215 VEGETI

409 414 483 478 XV.
506 413 562 478 Ad
584 414 779 478 deiectionem
801 413 935 477 cervicis.

52 538 192 631 ΠΙ3ΞΞ3-
193 539 218 578 33
266 544 298 602 Si
328 545 427 603 cervix
456 547 538 603 mota
573 545 603 602 et
633 544 747 602 deiecta
777 545 835 616 est,
870 540 1161 601 considerabimus
1152 561 1186 598 m

216 653 307 708 quam
329 634 446 709 partem
475 632 616 707 declinet,
645 635 675 691 et
698 631 733 692 eir
756 633 875 691 diversa
897 634 983 706 parte
1007 632 1185 707 sanguinem

161 723 345 782 detrahimus
369 742 404 780 ex
428 742 464 781 ea
486 741 571 794 vena,
594 741 671 796 quae
694 723 727 780 in
750 740 821 781 aure
839 721 959 780 videtur
982 720 1185 795 amplissima.

163 831 238 887 quae
262 814 412 870 sarmento
435 812 533 886 primo
556 811 810 869 verberandat
764 813 824 884 est,
851 812 887 867 ut
910 829 977 869 cum
1004 810 1185 867 intumuerit
1212 826 1223 864 s

162 903 239 960 ferro
264 902 430 976 aperiatur,
454 900 605 975 effusoque
629 903 774 976 sanguine
797 902 917 975 postero
941 898 989 957 die
1011 900 1126 956 iterum
1149 916 1185 958 ex

161 1009 195 1048 eo
225 991 290 1049 loco
321 990 469 1048 emittitur
503 1008 590 1048 cruor
624 992 655 1047 et
684 989 774 1047 biduo
804 989 922 1047 vacatio
956 988 1055 1062 operis
1087 987 1184 1045 datur.

127 1081 262 1138 ‘lTertio
293 1098 365 1137 vero
398 1078 445 1136 die
477 1078 552 1136 levis
584 1078 754 1155 iniungitur
785 1077 870 1135 labor
902 1079 933 1134 et
964 1076 1116 1151 paulatim
1147 1074 1184 1133 ad

160 1169 256 1243 operis
276 1167 518 1226 consuetudinem
540 1170 706 1226 revocatur⁴
743 1166 856 1236 Quodsi
874 1165 973 1224 cervix
991 1165 1023 1222 in
1042 1170 1185 1223 neutram

159 1261 276 1332 partem
295 1257 410 1315 deiecta
431 1260 476 1315 est
493 1256 651 1332 mediaque
670 1256 822 1328 intumuit,
846 1275 881 1313 ex
898 1258 1026 1329 utraque
1047 1253 1185 1313 auricula
1198 1274 1224 1312 ιο

58 1365 60 1369 ·
160 1348 280 1424 sanguis
300 1346 454 1404 emittitur.
498 1346 557 1415 Qui
576 1348 602 1404 si
619 1347 701 1403 intra
719 1345 861 1418 triduum,
884 1363 977 1419 quam
995 1342 1049 1401 bos
1072 1345 1185 1401 vitium

159 1435 283 1509 ceperit,
307 1436 430 1495 emissus
453 1454 512 1493 non
535 1438 592 1510 est,
616 1435 789 1493 intumescit
812 1433 922 1492 collum
950 1434 1095 1507 nervique
1118 1435 1185 1490 ten-

125 1525 272 1583 3duntur
295 1525 387 1584 etita
410 1527 482 1582 nata
500 1524 625 1582 durities
643 1524 748 1600 iugum
769 1542 829 1581 non
852 1524 975 1597 patitur.
1017 1520 1088 1578 Tali
1106 1521 1184 1579 vitio

159 1615 355 1689 comperimus
385 1616 490 1689 aptum
520 1631 582 1672 esse
612 1613 874 1671 medicamentum:
905 1631 939 1669 ex
969 1610 1035 1685 pice
1064 1609 1184 1685 liquida

159 1708 191 1779 et
211 1702 323 1760 bubula
346 1702 477 1761 medulla
501 1705 530 1759 et
553 1702 669 1760 hircino
693 1721 763 1761 sevo
787 1704 817 1760 et
838 1704 937 1759 vetere
956 1700 1098 1776 axungia,
1122 1699 1185 1757 olei
1198 1718 1222 1757 rs

159 1811 277 1867 quoque
300 1792 409 1851 veteris
433 1792 536 1866 aequis
557 1790 738 1866 ponderibus
762 1790 960 1864 compositum
982 1789 1185 1863 concoquitur

160 1885 190 1939 et
213 1880 255 1938 sic
277 1881 422 1939 utendum
445 1884 502 1939 est:
530 1900 597 1938 cum
621 1880 674 1939 bos
703 1879 740 1937 ab
769 1899 857 1956 opere
880 1878 1067 1955 disiungitur
1089 1878 1122 1935 in
1146 1896 1183 1936 ea

158 1969 281 2045 piscina,
305 1988 339 2027 ex
359 1989 420 2045 qua
438 1969 524 2042 bibit,
542 1972 660 2027 tumens
680 1971 778 2028 cervix
797 1970 917 2027 lavatur
936 1966 1183 2042 confricaturque

124 2059 319 2137 ddiligenter
345 2059 497 2134 praedicto
524 2058 741 2117 medicamento
769 2058 944 2132 detersaque
967 2056 1101 2115 linietur.
1148 2054 1184 2113 Si

158 2166 193 2207 ex
215 2151 280 2207 toto
309 2151 431 2224 propter
455 2150 603 2206 tumorem
635 2146 756 2206 cervicis
786 2148 891 2223 iugum
912 2146 1044 2218 recusat,
1074 2145 1182 2219 paucis
1196 2163 1221 2203 ao

158 2237 260 2296 diebus
290 2237 407 2312 requies
433 2237 471 2295 ab
501 2255 588 2312 opere
617 2236 715 2294 danda
746 2238 806 2306 est,
834 2237 864 2293 et
894 2234 992 2293 cervix
1016 2252 1098 2309 aqua
1128 2234 1182 2291 fri·

158 2327 228 2404 gida
261 2325 402 2385 diluenda
438 2329 469 2384 et
503 2343 609 2401 spuma
646 2327 764 2402 argenti
797 2323 929 2383 linienda
965 2325 1017 2380 est.
1076 2320 1181 2381 Celsus

230 2550 400 2603 2mctced
412 2568 456 2618 pr.
472 2550 533 2602 ΑΡ
546 2548 601 2603 θοι,
619 2548 720 2601 vitiata
738 2548 818 2616 ΕΗΒ
837 2550 946 2616 partem
966 2563 1016 2600 cm
1032 2546 1074 2600 ed
1085 2564 1132 2614 pr.
1153 2549 1181 2600 A

157 2621 187 2673 in
206 2638 262 2689 qua
281 2621 407 2689 parteL
430 2623 438 2689 11
462 2627 478 2673 4
498 2636 530 2673 ex
550 2620 673 2687 uinaque
692 2619 721 2672 in
741 2635 837 2672 aurem
856 2621 992 2672 cuneta
1012 2617 1039 2669 L
1060 2618 1101 2686 llo
1121 2633 1180 2671 aar·

158 2696 256 2745 cecata
275 2693 314 2746 ed
326 2710 371 2761 pr.
392 2693 536 2744 sarcocutc
555 2691 698 2759 11ριιιιι
717 2691 756 2744 ed
767 2707 812 2761 pr
828 2692 889 2744 ΑΡ
908 2693 912 2757 ι
933 2690 966 2741 ut
983 2689 1010 2743 L
1028 2689 1059 2741 et
1076 2690 1152 2759 culp
1171 2689 1182 2760 lt

159 2768 174 2815 6
193 2766 304 2831 postero
324 2763 370 2815 die
389 2764 428 2817 ed.
440 2780 483 2831 pr.
500 2763 528 2816 A
544 2763 598 2816 θοι.
619 2765 761 2830 postremo
781 2762 827 2815 die
846 2763 873 2815 P
889 2763 954 2830 post
976 2760 1105 2813 triduum
1126 2762 1177 2814 L'

156 2835 259 2887 iterum
279 2834 304 2886 L
320 2834 374 2889 Oct
390 2851 439 2888 om
455 2832 526 2900 culp
550 2836 559 2902 ΙΙ
584 2833 692 2887 'letb
712 2836 803 2886 cesset
821 2833 857 2886 ab
876 2847 959 2900 opere
977 2833 1094 2900 ΡΙΙὸι
1082 2831 1180 2885 triduo

158 2905 258 2959 deinde
273 2907 300 2959 L
314 2907 322 2972 ιΙ
338 2911 370 2958 11
390 2905 464 2959 mter
477 2907 516 2959 cd.
528 2923 573 2973 pr.
591 2907 594 2973 Ι
612 2921 697 2973 quam
711 2904 738 2956 L
753 2904 866 2972 quando
881 2906 908 2957 P
922 2903 998 2971 quod
1013 2903 1053 2956 ed.
1065 2921 1112 2971 pr.
1128 2906 1157 2958 A
1171 2905 1180 2974 {i

158 2983 191 3030 12
211 2976 318 3044 ceperit
335 2993 385 3030 om.
401 2977 497 3045 L1113
518 2979 547 3030 et
565 2976 607 3029 ita
625 2977 694 3029 nata
713 2977 752 3030 ed.
769 2993 808 3041 pr.
824 2977 852 3029 A
870 2974 1020 3044 indignata
1035 2975 1061 3028 L
1080 2979 1179 3028 tamen

156 3048 255 3100 innata
225 3049 322 3115 tPlt
337 3053 370 3100 15
390 3048 451 3102 oleo
471 3065 496 3116 q
515 3048 603 3101 veteri
617 3049 657 3102 cd.
669 3066 713 3116 pr.
729 3049 811 3108 ΑΡΙΙ
826 3052 859 3099 16
879 3045 1065 3113 compositum
1087 3046 1182 3100 LAP

157 3122 190 3188 (c
206 3121 235 3172 et
253 3122 373 3189 coctum)
392 3119 556 3188 impositum
575 3120 614 3172 ed.
626 3137 671 3187 pr
692 3118 846 3201 composito
867 3118 893 3171 G
916 3120 919 3185 Ι
940 3116 1105 3199 incoquitur
1124 3119 1152 3171 A
1171 3121 1179 3184 t

158 3196 190 3244 17
210 3194 240 3244 et
258 3190 298 3243 sic
314 3191 340 3243 L
354 3208 409 3257 quo
428 3191 469 3244 ed
479 3208 524 3259 pr
540 3190 616 3257 quod
630 3192 732 3257 Aquo
751 3190 791 3242 sic
809 3188 897 3243 uteris
912 3191 957 3252 ΡΙ
974 3188 1024 3241 ct
1016 3205 1046 3240 m
1065 3188 1179 3256 piscina

156 3262 185 3314 in
212 3260 339 3343 quolibet
363 3265 472 3343 tumore
498 3277 520 3314 c
539 3261 558 3314 l
574 3262 613 3315 ed
625 3278 670 3329 pr.
690 3261 720 3313 in
740 3277 773 3314 ea
795 3279 822 3328 p
842 3260 872 3313 ιιι
898 3258 1026 3327 qualibet
1050 3261 1178 3314 tumores

157 3349 179 3385 c.
195 3332 213 3384 l
229 3333 283 3386 A
275 3351 304 3384 m
328 3350 354 3400 p
375 3332 404 3383 in
423 3349 479 3399 qua
501 3332 622 3385 bibetc
642 3331 660 3385 l
679 3334 707 3386 P
735 3335 744 3400 tl
778 3337 810 3384 18
834 3334 930 3385 tamen
955 3330 1102 3399 fricatutq.
1124 3332 1152 3385 L
1170 3332 1179 3400 ιι

158 3408 190 3455 19
206 3401 315 3456 deteres
326 3403 428 3456 auehet
416 3406 462 3455 tur
472 3402 711 3456 Ltersaliniatur
721 3404 804 3457 Pdet
792 3407 922 3472 tersaque
933 3401 1018 3455 diluit
1006 3403 1102 3457 turcd
1108 3421 1158 3485 pr3
1169 3403 1178 3474 ΙΙ

157 3478 191 3521 20
210 3477 362 3569 proptert
382 3473 480 3542 iugum
495 3472 587 3526 cervix
600 3474 709 3542 respuit
723 3476 750 3528 L
768 3493 816 3542 quc
812 3473 1021 3542 paucisdae
1033 3478 1066 3527 21
1083 3474 1179 3527 cervix

227 3546 278 3596 21
298 3562 362 3597 cum
381 3559 455 3610 aqua
474 3544 513 3597 ed.
525 3561 569 3611 pr.
584 3546 682 3612 ΑΙΙιι
702 3545 824 3598 lavanda
842 3546 882 3598 ed
894 3564 939 3614 pr.
955 3546 1015 3598 ΑΡ
