2509 3892
167 174 232 239 276
596 172 755 246 [VEGETI]

109 345 151 403 24
166 343 428 418 ldmp-lastrnm:
451 360 535 401 cerae
549 341 655 400 viridis
668 340 758 417 pond
772 342 788 400 Ι
802 360 834 416 s,
849 342 909 400 olei
922 343 1042 417 cyprini
1054 360 1122 400 nnc.
1137 342 1190 416 IX,

166 433 225 492 olei
242 432 369 507 myrtini
385 450 452 490 unc.
471 430 511 505 H,
530 431 628 507 adipis
647 431 803 489 anserinae
820 450 887 490 nnc.
905 430 946 505 Π,
967 432 1047 491 turis
1064 432 1190 507 pollinis

166 539 232 580 unc.
251 520 299 580 11:
318 521 392 579 haec
411 521 510 580 omnia
529 520 561 578 in
578 519 738 579 caccabum
755 519 861 595 mittis,
885 521 989 596 coquis
1006 522 1037 579 et
1055 521 1189 583 linteolis

110 610 150 668 25
165 609 277 669 inlinis
307 608 475 669 (lerotum
489 610 532 668 ad
545 609 671 669 ulcera
685 612 719 668 et
733 612 902 669 strumast
916 611 1035 668 mentae
1051 609 1188 685 pondss,

165 719 250 759 cerae
278 700 364 757 rufae
392 699 482 775 pond.
501 699 536 773 X,
560 699 619 758 olei
646 699 772 774 myrtini
800 698 890 774 pond.
909 698 963 777 Vl,
990 698 1049 757 olai
1080 700 1216 758 veterim

164 790 253 865 pond.
273 788 357 866 VllI,
375 787 515 846 aluminis
534 787 623 864 pond.
642 788 694 862 IX,
717 787 777 847 olei
794 788 913 864 cyprini
930 788 1019 865 pond.
1038 787 1076 862 X,
1100 789 1188 848 calcis

109 879 149 936 26
165 879 253 954 pond.
273 877 309 935 V.
350 878 561 937 Fomentum
593 877 637 937 ad
672 880 834 937 tumores
869 878 932 937 sive
970 877 1009 936 ad
1045 876 1188 937 duritiam

166 967 332 1043 quamlibet
354 968 396 1025 sio
421 968 526 1026 facies:
553 967 707 1026 hebisoum
730 986 766 1026 ex
788 969 858 1026 vino
882 966 1037 1026 decoctum
1061 969 1187 1026 conteris

166 1076 233 1116 cum
253 1058 383 1133 axungia
401 1059 432 1115 et
450 1057 492 1115 sic
510 1058 617 1131 uteris3
641 1057 668 1114 si
685 1055 796 1131 minus,
815 1056 939 1115 herbam
958 1055 1106 1115 Sabinam
1123 1075 1188 1116 oon«

165 1148 238 1205 teris
260 1147 292 1203 et
314 1165 349 1204 ex
371 1164 492 1205 rosaceo
521 1147 681 1222 concoquis
708 1147 807 1205 etsie
831 1147 926 1205 uteris
953 1145 993 1203 ad
1018 1145 1184 1205 sanitatem.
1198 1167 1217 1205 o

110 1238 149 1294 27
167 1234 393 1311 Compositio
415 1233 459 1293 ad
481 1235 628 1294 colicos:
653 1236 733 1293 asari
755 1234 881 1308 Pontici,
906 1234 1092 1310 petroselini,
1114 1235 1185 1293 feni·

166 1325 226 1383 culi
244 1342 303 1383 ana
321 1341 386 1382 unc.
406 1324 430 1398 Ι,
448 1325 561 1400 piperis
579 1323 661 1402 nigri
680 1343 748 1383 unc.
766 1323 808 1398 II,
824 1323 971 1383 marrubii
988 1342 1063 1383 mas.
1083 1343 1148 1382 unc.
1161 1323 1184 1396 l,

166 1413 304 1473 abrotani
326 1432 392 1472 une.
416 1432 448 1487 s.,
470 1414 567 1472 mellis
591 1414 700 1489 optimi
725 1413 814 1489 pond.
833 1413 865 1470 H
887 1431 997 1489 coques
1025 1413 1056 1470 et
1084 1413 1186 1489 despu-

166 1502 261 1562 mabis
284 1502 410 1561 ethaeo
433 1505 533 1561 omnia
557 1502 721 1561 contundes
745 1505 776 1562 et
799 1520 901 1561 cernes
922 1505 954 1561 et
976 1503 1021 1561 sic
1042 1503 1076 1559 in
1099 1502 1184 1561 melle

166 1590 382 1667 commiscebis,
412 1591 482 1649 inde
511 1591 639 1670 figuram
660 1592 754 1650 facies
783 1594 867 1650 nucis
891 1590 1070 1665 Abellanae,
1100 1595 1131 1650 et
1153 1610 1218 1650 exn

167 1700 246 1756 aqua
272 1679 357 1739 dabis
391 1680 492 1740 bibere
519 1683 659 1758 congium
687 1681 711 1739 Ι.
760 1680 837 1739 Item
866 1679 985 1754 diebus,
1015 1681 1124 1755 quibus
1153 1699 1186 1739 eo

165 1769 269 1828 morbo
282 1773 410 1844 tenetur,
424 1770 547 1829 feniculi
560 1772 682 1830 seminis
696 1788 764 1828 oum
777 1771 848 1828 vino
862 1769 1009 1829 coclearia
1018 1770 1066 1828 III
1082 1773 1135 1828 aut
1144 1768 1185 1828 lv

166 1858 288 1918 fricabis
310 1860 344 1917 in
365 1859 517 1935 mortario,
540 1859 651 1918 adicies
674 1860 739 1917 vini
762 1859 869 1918 cibarii
892 1862 963 1918 sext.
983 1858 1006 1933 Ι,
1030 1861 1133 1918 mittes
1154 1861 1183 1917 in

168 1948 333 2023 ampullam
356 1951 409 2006 aut
427 1967 519 2007 cornu
537 1952 572 2007 et·
586 1948 681 2022 dabis,
704 1950 738 2005 ut
755 1948 849 2023 bibat,
873 1950 989 2006 etcum
1012 1950 1093 2026 sagis
1115 1949 1184 2007 benc

110 2039 151 2098 28
167 2040 290 2097 munies.
341 2037 520 2113 Malagma
552 2038 595 2097 ad
631 2057 759 2097 nervos
792 2038 953 2097 claudos:
985 2040 1049 2096 seri
1081 2038 1217 2097 hirciniro

166 2126 218 2185 lib.
237 2127 261 2202 Ι,
288 2126 501 2202 molybdaenae
531 2127 623 2200 selib,
653 2128 770 2186 resinae
798 2126 850 2185 lib.
872 2127 896 2201 I,
927 2127 1080 2205 aeruginis
1110 2126 1184 2187 selib.

112 2219 151 2277 29
169 2214 390 2292 Compositio
422 2216 464 2274 ad
495 2235 622 2295 genua:
657 2218 736 2275 aceti
767 2216 901 2291 hemina,
935 2217 1006 2276 salis
1038 2218 1185 2293 pusillum,

111 2307 153 2366 30
168 2308 244 2365 aeris
274 2305 336 2365 usti
362 2304 454 2379 selib,
482 2305 627 2381 sinopidis
662 2305 742 2380 quod
772 2307 845 2365 satis
873 2308 927 2366 est.
978 2304 1084 2365 Potio
1115 2308 1184 2364 hie·

167 2397 285 2454 malis:
308 2397 400 2468 croci,
424 2397 511 2469 costi,
534 2395 710 2470 petroselini
731 2393 930 2469 Macedonici,
957 2414 1090 2469 murrae,
1112 2396 1184 2454 turis

167 2485 300 2559 masculi,
314 2486 475 2558 tracanthi,
489 2485 601 2543 cumini
615 2484 819 2558 Alexandrini,
833 2503 961 2543 mannae
976 2486 1063 2559 croci,
1078 2485 1184 2561 piperis
1195 2500 1215 2540 o

168 2575 271 2633 uncias
290 2575 432 2651 singulas,
455 2576 520 2633 vini
539 2576 570 2632 et
587 2575 647 2633 olei
666 2574 746 2650 quod
764 2572 884 2652 suffieit,
907 2592 978 2647 ova,
997 2574 1071 2633 haec
1091 2574 1185 2633 omnia

170 2666 330 2737 permisces
360 2665 391 2720 et
420 2663 504 2722 dabis
527 2682 595 2722 oum
618 2681 689 2724 suco
712 2665 862 2739 ptisanae,
893 2664 941 2721 cui
963 2664 1105 2723 immittis
1126 2661 1185 2737 pal·

169 2769 233 2810 mas
256 2751 348 2824 XXV,
371 2751 477 2811 bulbos
500 2753 596 2825 XXV,
619 2753 742 2829 hyssopi
765 2753 888 2824 fascem,
918 2753 1057 2826 caprinos
1080 2752 1186 2827 adipes,

242 2920 448 2975 1Pel.e.sac.
504 2921 710 2975 lPel.c.337.
772 2917 1185 2990 110f.Pel.e.2ce.Veg.11

171 2998 231 3059 116,
246 2999 270 3046 a.
345 2998 378 3046 as
397 2992 455 3045 Pel.
470 3009 492 3046 e.
509 2998 569 3046 sio.

241 3140 265 3188 2.
282 3141 297 3189 5
315 3134 454 3204 myrrhini
474 3134 555 3190 Geso.
574 3137 583 3204 ss
602 3141 618 3188 3
638 3135 742 3189 cacabo
760 3136 788 3189 A
802 3137 811 3204 l
829 3142 846 3188 4
865 3136 902 3189 ad
920 3134 1102 3189 ulcerrimum
1120 3136 1185 3188 strn-

170 3208 266 3261 menta
279 3207 307 3260 A
327 3207 364 3260 ad
381 3205 478 3259 ulcera
496 3208 653 3261 strumenta
671 3208 711 3261 cd.
722 3224 767 3276 pr.
781 3208 821 3276 115
840 3205 891 3260 olli
909 3207 993 3261 mixte
1008 3211 1036 3263 A
1049 3209 1059 3277 11
1074 3213 1105 3261 11
1125 3203 1186 3260 eoli-

172 3293 217 3331 ces
236 3279 276 3332 cd.
288 3295 333 3347 pr.
366 3280 376 3347 l
409 3283 441 3330 16
461 3277 544 3331 dabis
562 3280 591 3331 et
610 3294 701 3347 aquae
720 3278 852 3348 congium
870 3277 932 3331 I'in
950 3281 1051 3347 potum
1069 3277 1109 3333 cd.
1119 3293 1162 3347 pr.

173 3354 206 3402 18
225 3349 391 3403 mortarium
404 3348 432 3401 A
448 3351 452 3417 Ι
469 3348 576 3402 cibaria
590 3349 617 3402 A
631 3352 641 3418 Η
656 3354 688 3401 19
703 3348 784 3403 dabis
803 3350 900 3404 bibere
914 3351 965 3419 All
980 3355 1014 3403 10
1034 3348 1167 3404 elodoaA

172 3419 258 3473 colati
277 3437 297 3474 a.
313 3421 339 3474 h.
355 3423 383 3475 A
396 3423 405 3487 ΙΙ
420 3425 452 3472 21
472 3418 648 3487 molipidinis
667 3422 695 3475 A
713 3419 910 3475 mollicidenae
929 3423 968 3476 ed.
979 3437 1026 3491 pr.
1041 3423 1051 3491 fl
1065 3427 1098 3475 13

172 3490 241 3544 satia
267 3494 310 3545 est
334 3489 483 3560 pugillum.
521 3490 647 3559 Explicit
671 3490 744 3545 liber
761 3491 878 3564 Vegeoii
904 3495 939 3546 de
964 3492 1114 3547 masta-loia
1132 3487 1190 3545 AF

178 3560 242 3614 ch.
257 3563 314 3628 1125
334 3576 545 3630 crocomagmae
564 3563 604 3616 ed.
615 3579 661 3630 pr.
866 3605 868 3609 ,
