2509 3892
472 175 514 230 De
533 175 713 232 editionibus.
1074 176 1100 229 V

77 347 216 424 positam
230 347 363 421 repetere
376 347 523 420 tanquam
538 344 574 404 ab
588 346 655 420 ipsc
669 347 826 419 repertam.
869 342 1004 419 Sumpsit
1022 346 1101 403 enim

80 435 249 495 editionem
272 434 437 510 principem
461 453 516 509 pro
534 432 729 492 fundamento
751 451 822 492 suae
844 433 939 508 ipsius
963 432 1101 493 editionis

81 523 262 598 addiditque
290 522 431 582 lectiones
459 540 494 580 ex
521 521 583 582 cod.
602 521 639 579 V.
686 520 762 579 Sunt
790 521 885 600 igitur
912 522 1026 582 codices
1054 523 1102 582 illi

78 616 159 673 tres:
193 611 257 671 cod
284 610 523 671 Vindobcnensis
557 613 587 670 et
619 610 677 669 duo
710 609 825 670 codices
851 611 898 669 illi
930 610 966 669 de
993 612 1101 688 quibus

80 701 218 762 codicem
241 700 380 760 editionis
404 701 548 777 principis
572 700 747 760 confluxisse
768 699 906 760 vidimus.

150 789 241 849 Nova
264 789 349 865 quasi
372 790 424 848 lux
446 792 549 850 exorta
572 792 617 849 est
639 788 774 867 Vegetio,
797 807 865 847 cum
887 786 1035 849 Gesneri
1058 789 1102 849 di·

79 878 212 958 ligentia
239 880 319 937 inter
348 879 507 954 scriptores
536 879 581 937 rei
616 879 747 937 rusticae
779 876 876 936 editus
907 880 952 937 est
982 877 1102 954 Lipsiae

82 988 111 1029 a.
137 968 224 1026 1735
255 969 399 1043 primum3
428 968 540 1026 iterum
571 965 594 1025 Ι.
617 965 695 1045 Aug.
721 966 854 1027 Ernestii
888 967 966 1026 notis
997 971 1102 1027 auctus

81 1076 111 1117 a
133 1058 229 1116 1774.
278 1054 424 1115 Gesnerus
452 1057 532 1115 enirn
558 1057 672 1131 primus
700 1054 810 1116 codicis
841 1055 1024 1116 Gorbeiensis
1053 1057 1102 1116 vel

81 1145 187 1222 potius
219 1144 372 1204 Leidensis
404 1145 595 1205 collationem
633 1143 783 1219 adhibuit,
820 1144 857 1204 ab
888 1144 952 1204 Ich
976 1144 1102 1204 Alberto

81 1233 225 1293 Fabricio
242 1235 322 1293 inter
340 1233 432 1293 libros
451 1233 602 1293 Gudienos
626 1236 757 1309 emptam
776 1241 866 1309 atque
884 1235 1103 1294 transmissamr

81 1324 266 1382 varietatem
283 1323 376 1382 traxit
393 1321 419 1382 is
439 1322 573 1399 quisquis
588 1323 717 1382 contulit
735 1341 769 1380 ex
788 1324 946 1397 exceptori
962 1324 1103 1398 coempto

82 1430 121 1473 cc
137 1410 208 1471 Mo.
226 1411 320 1472 codice
340 1410 519 1472 ocociensis
536 1414 708 1472 monastero
725 1415 794 1471 trote
811 1414 947 1485 temporis
966 1412 1104 1473 Coloniae

83 1501 170 1576 apud
196 1499 226 1560 S.
248 1501 438 1560 Paotoleonts
465 1501 600 1574 deposito.
649 1500 745 1561 Oodcc
773 1499 952 1560 euboensis
979 1504 1104 1575 optimae

81 1595 172 1649 notae
190 1590 348 1650 mnodum
366 1592 504 1665 cutheus
522 1590 614 1650 bitere
636 1590 803 1649 coedibus
820 1594 967 1661 exoratus,
990 1591 1104 1651 laceros

82 1684 185 1739 tamen
211 1683 238 1738 ct
258 1680 326 1738 hirec
351 1679 420 1738 inde
446 1678 561 1739 iacueris
584 1679 771 1753 deformatos.
817 1678 908 1738 Recte
936 1682 1105 1755 suspicatur

81 1767 110 1827 L
129 1765 166 1826 G.
185 1766 346 1827 Schneider
365 1759 399 1848 (1.
417 1786 441 1827 c.
464 1787 493 1843 p.
514 1759 548 1849 3)
571 1786 659 1828 usum
682 1786 745 1828 esse
766 1769 866 1826 virum
889 1768 1009 1828 doctum
1032 1788 1103 1845 apo-

83 1856 202 1935 grapho
224 1858 297 1930 isto,
324 1856 403 1932 quod
426 1856 522 1915 adhuc
540 1859 646 1931 exstat,
670 1857 769 1916 codice
789 1855 929 1916 Leidensi
947 1858 1102 1918 Vossiano.

81 1946 142 2005 Ille
162 1945 241 2021 enirn
263 1947 295 2004 in
313 1946 412 2004 fronte
435 1963 471 2004 ea
493 1945 559 2021 ipsa
579 1944 671 2005 verba
693 1945 729 2005 de
752 1947 914 2023 archetypo
934 1945 1105 2006 Oorbeiensi

81 2035 148 2094 fert
167 2052 242 2109 quae
260 2036 287 2093 is
306 2036 358 2109 qui
376 2034 504 2094 contulit
521 2036 671 2110 repetivit.
707 2035 771 2093 Nec
788 2035 953 2094 refellimur
971 2054 1005 2094 eo
1025 2036 1104 2112 quod

83 2125 133 2185 ait
156 2122 193 2182 de
216 2123 313 2183 forma
335 2123 445 2183 codicis
464 2126 495 2183 et
512 2124 681 2183 literarum:
703 2123 761 2183 hoc
779 2124 859 2182 enim
877 2144 912 2183 ex
931 2124 1103 2202 apographo

81 2214 147 2272 isto
166 2210 304 2272 Leidensi
322 2213 457 2288 quemvis
475 2213 574 2272 virum
591 2212 703 2271 nedum
720 2215 820 2271 virum
833 2213 954 2272 doctum
971 2215 1104 2289 potuisse

83 2319 265 2380 cognoscere
277 2300 356 2361 infra
369 2300 544 2361 videbimus.
577 2300 706 2361 Gesnero
720 2302 815 2380 igitur
827 2305 947 2378 praeter
958 2302 1103 2362 editiones

82 2391 253 2468 principem
271 2393 302 2451 et
320 2389 462 2450 Sambuci
484 2394 603 2466 praesto
628 2393 694 2450 erat
717 2392 803 2466 quasi
820 2390 1047 2450 fundamentum
1066 2392 1105 2449 ad

82 2481 205 2540 textum
218 2479 437 2539 restituendum
451 2480 572 2539 collatio
586 2479 641 2538 illa
659 2498 726 2539 cum
743 2478 843 2538 codice
857 2477 997 2538 Leidensi
1014 2479 1104 2538 facta

82 2568 151 2628 Nec
178 2568 265 2643 plura
292 2567 441 2630 adhibuit:
469 2587 540 2628 nam
568 2587 644 2645 quae
674 2566 807 2627 Rhodius
832 2561 885 2645 [ad
916 2565 1105 2627 Scribonium

83 2657 220 2735 Largum
238 2657 457 2717 emendationes
480 2678 509 2733 p.
530 2652 608 2737 238]
633 2658 720 2717 affert
738 2676 773 2716 ex
796 2656 946 2716 codicibus
963 2656 1104 2716 Mediceis

87 2749 121 2806 et
138 2745 297 2820 Vaticano,
319 2763 379 2804 non
401 2749 481 2805 recte
504 2750 575 2807 sunt
597 2747 753 2823 descripta.

155 2835 266 2895 Totum
297 2832 511 2894 Gesnerianum
547 2837 592 2894 rei
627 2836 755 2896 rusticae
788 2836 966 2912 scriptorum
999 2854 1105 2913 corpus

82 2925 230 3001 repetivit
269 2923 355 2984 novis
395 2923 604 2984 collationibus
647 2927 733 2984 auxit
769 2926 980 2985 commentario
1017 2925 1104 2985 docto

84 3013 209 3073 ornavit
226 3013 250 3072 I.
270 3011 304 3071 G.
324 3011 520 3073 Schneider
542 3012 663 3089 Lipsiae
687 3014 782 3087 1795,
805 3015 890 3073 cuius
916 3014 1013 3090 operis
1037 3034 1105 3074 con-

83 3102 165 3162 tinet
178 3101 338 3181 Vegetium
351 3104 449 3162 tomus
463 3101 515 3159 IV.
558 3101 615 3171 Qui
631 3102 778 3161 thesauris
794 3100 981 3163 Gesnerianis
996 3103 1105 3163 adiecit

84 3191 278 3251 collationem
292 3191 401 3252 codicis
421 3189 552 3251 Gothani
566 3210 585 3250 e
598 3191 734 3266 hamio,
751 3191 915 3252 medicinae
931 3194 1105 3269 professore,

85 3282 209 3355 factam,
233 3279 338 3339 deinde
362 3280 399 3340 ab
418 3282 484 3357 ipso
502 3281 664 3355 repetitam
687 3272 721 3361 (1.
736 3299 760 3339 c.
775 3301 802 3356 p.
821 3273 885 3361 18).
929 3280 973 3340 At
994 3283 1051 3341 hoc
1072 3283 1105 3338 in

84 3369 214 3450 Vegetio
238 3370 286 3428 vir
308 3368 495 3429 doctissimus
514 3369 650 3446 peccarit
672 3369 751 3445 quod
773 3369 870 3428 invito
892 3369 990 3428 hercle
1013 3368 1105 3443 scrip·

85 3463 152 3519 tore
174 3457 308 3518 membra
331 3457 427 3533 operis
456 3457 572 3518 disiecit
600 3458 740 3534 qnodque
763 3459 828 3515 erat
853 3474 946 3531 usque
969 3457 1007 3514 ad
1028 3454 1104 3512 illud

84 3551 206 3623 tempus
234 3549 266 3605 in
292 3546 383 3606 libros
407 3546 601 3606 distributum
631 3548 776 3622 quattuor
804 3544 837 3602 id
867 3544 923 3601 sibi
945 3542 1104 3601 videbatur
