2509 3892
114 117 120 125 ·
178 171 244 235 124
619 168 756 223 VEGETI

177 342 257 397 rium
281 357 316 397 ex
337 338 476 397 melleet
498 337 561 397 ervi
583 338 696 413 polline
715 337 870 396 decoctum
893 336 1021 396 subicies
1039 335 1079 394 ad
1101 336 1189 413 pleni·

178 427 314 486 tudinem
346 421 502 486 foraminis
539 426 643 485 diebus
673 427 818 503 plurimis.
873 426 921 485 Ad
952 425 1095 484 ultimum
1125 444 1189 484 ana·

178 515 355 592 pleroticum
377 516 437 591 ipsi
465 516 583 574 vulneri
609 515 794 575 medicamen
816 515 958 591 imponis,
986 514 1080 574 donec
1102 514 1191 573 omnis

146 606 272 682 3plsga
294 604 386 663 ducta
404 605 542 664 cicatrice
561 604 714 663 solidetur.
759 604 893 663 listulas
916 607 1019 663 eutem
1040 603 1191 678 collyrium

179 695 235 753 hac
253 695 370 753 ratione
389 693 537 753 conficies:
556 693 635 770 misy
652 712 717 752 unc.
736 694 761 768 Ι,
783 694 897 752 seculae
918 712 983 752 unc.
1002 694 1028 767 Ι,
1047 692 1189 768 aeruginis
1212 713 1222 749 s

180 784 257 842 aeris
279 802 345 841 une.
364 783 388 857 I,
411 782 575 841 battiturse
602 782 771 841 chalcitidis
798 800 865 840 unc.
884 781 909 856 I,
935 782 1049 841 cumini
1077 781 1188 840 seminis

179 871 281 930 uncI
303 875 381 930 teres
406 891 473 929 cum
496 874 580 930 aceto
605 873 757 945 acerrimo,
780 873 811 930 et
834 870 995 930 secundum
1019 869 1189 945 qualitatem
1246 863 1247 902 ³

179 962 345 1034 vulnerum,
368 978 435 1018 cum
457 978 528 1018 usus
540 960 691 1037 exegerit,
714 959 840 1035 collyria
863 959 1015 1020 formabis.
1246 1029 1247 1082 1

395 1166 548 1235 XXVII.
572 1166 622 1232 De
644 1169 832 1249 expositione
853 1167 983 1241 ristulue.
1246 1191 1247 1260 ἦ

81 1306 235 1349 muscha
280 1297 413 1356 Fistulae
431 1300 602 1371 nascuntur,
620 1298 758 1373 quotiens
779 1316 887 1356 nervus
909 1301 963 1356 aut
981 1298 1128 1375 cartilago
1141 1297 1188 1354 aut
1200 1315 1219 1353 a
1246 1307 1247 1366 ζ

181 1403 214 1444 os
244 1386 428 1463 negligentia
457 1387 506 1444 vel
528 1387 680 1462 imperitia
710 1387 843 1446 curantis
873 1405 908 1444 ex
935 1387 1045 1464 plagae
1072 1385 1188 1444 alicuius
1246 1429 1247 1454 ,

179 1473 285 1533 tabido
307 1474 430 1534 humore
453 1476 587 1534 vitiatur.
634 1476 718 1533 Tunc
741 1476 820 1534 enim
844 1494 904 1550 qua
927 1475 1136 1535 commeaverit
1156 1472 1188 1532 ed
1246 1463 1247 1538 l

180 1565 276 1622 instar
307 1563 434 1622 cuniculi
465 1582 584 1622 carnem
610 1563 733 1622 indurat
762 1567 793 1622 et
819 1554 945 1622 incallat
971 1567 1002 1622 et
1032 1564 1067 1622 fit
1089 1563 1189 1634 fistula,

181 1670 257 1727 quae
280 1653 364 1710 nulla
386 1653 503 1711 ratione
526 1655 626 1712 sanari
647 1655 747 1728 potest
769 1671 823 1711 nec
852 1651 1014 1728 aliquando
1044 1652 1121 1712 coire
1141 1668 1189 1709 nec

181 1740 313 1816 solidari,
332 1740 391 1800 nisi
408 1742 527 1816 penitus
541 1741 696 1802 eximatur.
729 1741 826 1800 Huius
845 1761 864 1801 a
882 1742 1007 1800 diuersis
1026 1741 1187 1801 auctoribus
1198 1755 1218 1795 u

146 1829 293 1889 2tradita
320 1832 366 1889 est
395 1830 512 1890 diversa
540 1831 663 1890 emutio.
705 1830 769 1888 Alii
796 1830 876 1888 enim
902 1831 1046 1906 scalpello
1073 1828 1188 1890 resecari

181 1922 211 1977 et
234 1920 344 1994 aperiri
365 1917 471 1977 iubent
493 1921 525 1977 et
547 1919 762 1997 syringotomio
785 1919 940 1979 decamari
963 1916 1187 1980 medicamentis·

181 2027 239 2083 que
262 2007 414 2066 acerrimis
437 2008 580 2082 consumi,
602 2012 634 2067 et
656 2009 698 2068 sic
719 2010 908 2085 postmodum
930 2009 1040 2067 vulnus
1063 2008 1100 2068 ad
1121 2007 1188 2065 cice-

180 2096 286 2154 tricem
313 2098 399 2155 coire.
452 2096 537 2166 Quod
569 2115 637 2155 cum
668 2096 779 2156 laboris
811 2115 845 2156 ac
877 2097 1058 2157 discriminis
1089 2095 1187 2155 habeat

148 2188 166 2244 3
181 2185 352 2261 plurimum,
370 2184 469 2244 minus
482 2188 583 2245 tamen
597 2185 726 2261 prodest.
763 2186 827 2244 Alii
840 2205 910 2245 vero
929 2186 1062 2246 cauterio
1081 2196 1215 2245 omnems

180 2274 313 2333 fistulam
335 2275 512 2333 inurendam
533 2275 707 2349 vicinasque
729 2278 830 2351 partes
854 2276 918 2334 eius
940 2276 1061 2351 punctis
1083 2276 1187 2333 ferven-

180 2362 262 2421 tibus
293 2364 526 2440 perrumpendas
559 2381 621 2423 esse
653 2364 814 2442 duxenmt,
843 2367 992 2440 quatenus
1020 2383 1074 2441 per
1099 2366 1185 2441 ignem

251 2539 269 2586 4
288 2531 322 2585 cf.
338 2531 406 2601 Veg.
421 2531 460 2586 111
480 2537 520 2586 16.
609 2538 643 2586 10
662 2529 831 2588 0111094,
920 2538 953 2586 13
973 2531 1047 2587 Chir.
1064 2550 1086 2586 c.
1102 2537 1141 2586 95.

181 2607 215 2656 20
234 2602 307 2657 01111.
323 2619 345 2657 c.
362 2608 404 2657 96.
780 2646 783 2652 -

253 2760 388 2815 tultimo
412 2762 588 2831 apostoliccn
612 2781 649 2817 m.
673 2763 808 2832 imponis,
835 2764 924 2817 donec
946 2761 1025 2816 locus
1048 2762 1135 2817 faciat
1154 2759 1185 2813 ci·
1246 2794 1247 2804 ,

182 2833 316 2887 natricem
335 2834 363 2886 P
398 2834 408 2901 ΙΙ
449 2833 548 2886 tmisi
562 2835 590 2888 A
609 2833 683 2888 anisi
702 2836 742 2888 ed.
754 2852 798 2903 pr.
814 2836 842 2889 P
878 2837 882 2904 Ι
918 2833 1030 2888 seculae
1045 2837 1073 2890 A
1091 2830 1186 2888 ferulae
1246 2856 1247 2860 ¹

181 2906 220 2959 ed.
231 2922 277 2974 pr.
292 2903 405 2972 piculae
415 2905 460 2973 ΡΙ
476 2903 573 2957 viridis
588 2905 661 2959 aeris
674 2907 702 2960 P
713 2906 723 2974 ΙΙ
737 2911 753 2958 6
767 2905 907 2960 battitura
916 2907 943 2960 A
957 2923 1008 2961 om.
1019 2907 1049 2960 P
1062 2908 1066 2975 Ι
1083 2901 1185 2959 calcetis
1245 2903 1247 2982 l

181 2977 220 3029 ed.
232 2993 277 3044 pr.
293 2974 446 3029 culcitheos
461 2977 489 3029 P
506 2974 655 3030 calcatidis
674 2979 702 3032 A
717 2981 722 3045 Ι
739 2976 852 3031 seminis
871 2993 923 3031 om.
943 2980 971 3032 P
986 2979 996 3046 ΙΙ
1016 2982 1033 3030 8
1053 2976 1184 3030 vulnerum
1246 3009 1247 3048 3

181 3063 231 3099 olo.
246 3047 275 3099 A
290 3048 295 3114 Ι
310 3045 380 3098 trita
399 3063 463 3171 epm
481 3045 549 3100 forti
563 3049 644 3102 aceto
662 3048 750 3102 misce
768 3051 797 3102 et
810 3046 856 3101 fac
871 3047 970 3101 coliria
987 3064 1039 3117 pro
1059 3046 1184 3116 qualitate
1246 3057 1247 3126 1

180 3134 214 3184 V„
233 3134 297 3170 oum
314 3133 341 3169 ll.
356 3130 397 3170 01.
1245 3145 1247 3172 1

252 3193 267 3240 9
287 3186 426 3256 expositio
441 3189 469 3242 P
481 3188 647 3256 compositio
657 3191 685 3243 A
700 3189 869 3258 conquisitio
886 3189 934 3258 Gt}
949 3194 982 3242 10
997 3189 1092 3243 fistule
1105 3184 1183 3242 nosci·

179 3260 286 3328 turPl
302 3260 352 3312 sut
370 3274 444 3313 nerv.
459 3260 508 3328 ΡΙΙ
523 3264 555 3312 12
575 3259 668 3314 stadio
685 3260 711 3314 h.
728 3264 756 3315 P
772 3260 865 3315 studio
880 3261 908 3314 A
924 3263 929 3329 Ι
944 3276 1018 3328 qnae
1036 3261 1182 3316 coddeon-

182 3328 263 3383 Gesn.
278 3332 288 3398 ΙΙ
304 3335 335 3382 13
351 3328 473 3382 obdurat
486 3331 514 3384 P
525 3330 534 3397 ΙΙ
549 3334 583 3381 14
601 3329 645 3383 vel
660 3330 708 3385 sol.
725 3334 753 3385 P
763 3334 773 3402 ΙΙ
789 3338 820 3386 15
836 3331 958 3386 solidare
971 3332 1000 3386 A
1016 3334 1020 3398 Ι
1036 3324 1183 3385 huiusmodi

180 3402 209 3454 A
235 3402 244 3469 ΙΙ
273 3405 306 3453 lc
325 3399 415 3453 secari
433 3401 461 3453 A
488 3401 497 3468 ΙΙ
526 3404 558 3452 17
578 3399 727 3468 siringorio
747 3404 775 3457 A
793 3402 990 3472 stringotomio
1013 3405 1053 3458 ed.
1068 3419 1111 3472 pr.
1129 3413 1183 3452 0⁰1⁰

180 3469 287 3524 rasorio
301 3471 329 3524 P
340 3472 350 3538 ΙΙ
366 3475 397 3523 19
417 3469 557 3524 laboriose
572 3485 604 3523 ac
619 3471 646 3524 d.
661 3473 689 3525 A
711 3474 720 3541 ll
735 3479 767 3525 21
787 3473 859 3527 inur.
875 3476 905 3527 et
917 3476 1014 3543 partes
1028 3473 1087 3528 eius
1105 3490 1129 3541 p.
1143 3467 1183 3537 Pil

181 3547 215 3594 22
234 3556 391 3609 praerump.
406 3542 478 3610 culp.
494 3555 561 3594 corr.
579 3539 651 3594 ctae.
669 3546 672 3609 Ι
689 3542 820 3598 dixerunt
837 3546 898 3599 AP
