2509 3892
163 135 232 197 ’118
608 134 743 189 VEGETI

164 302 283 360 narium
305 302 453 360 foramina
472 302 668 362 subtilissima
689 303 832 372 invenies,
857 304 965 379 quibus
984 307 1086 365 tenuis
1108 305 1179 364 inse·

163 390 256 448 renda
287 393 332 449 est
360 390 474 465 fistula3
503 411 557 467 per
587 410 677 466 quam
706 391 772 466 ille,
802 394 855 467 qui
884 412 989 452 curare
1019 393 1121 469 debet,
1150 412 1179 453 os

163 480 286 554 plenum
308 481 378 538 vino
401 480 547 554 insufflet,
569 483 605 539 ut
627 499 742 539 merum
762 481 971 557 perforamen
993 483 1072 542 illud
1095 502 1178 560 pene·

164 570 239 642 tret3
263 587 322 643 quo
345 569 426 627 facto
445 570 547 628 oculus
571 568 696 645 incipiet
713 568 878 628 lacrimare.
917 570 1058 631 Velocius
1082 575 1178 631 autem

165 656 308 732 proficiet,
333 659 404 732 quia
422 677 477 733 per
499 658 654 717 interiores
674 676 765 717 venas
783 659 859 716 meri
881 659 977 719 virtus
1001 660 1039 719 ad
1063 662 1178 720 oculum
1200 679 1210 718 1

164 748 310 820 penetrat.

295 899 416 964 XXII.
439 899 489 963 De
512 901 643 966 11111111
660 901 863 982 passionibus
885 901 1050 966 uquam.

69 1042 139 1081 11122
148 1041 214 1081 Schn·
259 1030 430 1088 Iumentum
452 1030 485 1087 in
508 1030 594 1088 oculo
616 1032 648 1088 in
676 1048 741 1089 osse
763 1049 947 1106 percussum,
978 1033 1005 1090 si
1032 1034 1175 1091 tumorem

162 1118 266 1177 fecerit
288 1118 396 1177 dunum
418 1118 561 1177 callosum
584 1121 615 1177 et
637 1120 793 1197 ossilagini
815 1119 956 1194 similem,
984 1120 1041 1179 hac
1063 1122 1175 1179 ratione

163 1210 211 1264 est
228 1207 404 1265 curandum:
428 1206 542 1266 deiecto
562 1206 687 1266 animali
705 1211 809 1267 eontra
827 1226 948 1267 causam
965 1208 1065 1284 ipsam
1083 1212 1174 1267 cutem
1185 1227 1207 1266 ιο

163 1295 291 1371 aperito,
315 1298 345 1354 et
368 1298 526 1355 succisorio
555 1297 742 1373 gingivulam
764 1297 813 1356 rel
835 1297 1044 1374 cartilaginem
1067 1299 1173 1370 relos,

163 1382 242 1459 quod
266 1402 430 1444 excrescere
448 1386 588 1460 coeperit,
612 1386 738 1460 caedito,
761 1389 796 1444 ut
818 1385 958 1461 deplanes
977 1385 1017 1443 nd
1040 1386 1174 1445 similitu·

128 1473 262 1531 2dinem
284 1475 379 1550 partis
398 1474 530 1532 alterius.
573 1473 605 1532 Si
624 1477 694 1550 apte
713 1474 928 1549 deplanaveris,
954 1477 1038 1534 aceto
1062 1477 1092 1534 et
1114 1475 1173 1534 oleo

162 1562 293 1621 linteolis
332 1562 381 1622 rel
417 1563 518 1621 licinio
555 1562 676 1621 madido
712 1563 810 1622 locum
846 1562 945 1639 ipsum
982 1563 1111 1639 comples
1145 1563 1173 1620 et

162 1650 310 1710 fasciabis.
344 1651 446 1710 Tertia
465 1651 512 1709 die
531 1653 628 1710 solves
642 1655 677 1711 'et
696 1652 835 1711 similiter
853 1651 971 1711 cmabis
989 1670 1044 1726 per
1062 1651 1122 1711 dies
1139 1649 1172 1722 V,
1184 1666 1203 1707 u

162 1739 254 1798 donec
275 1740 376 1798 fervor
398 1741 527 1815 desinat,
545 1743 613 1815 post
635 1741 814 1798 traumatico
837 1742 939 1799 uteris.
984 1739 1171 1799 (latastaltico

163 1847 280 1903 quoque
299 1830 515 1888 medicamento
533 1829 720 1888 labraturam
739 1829 814 1888 cutis
836 1828 994 1903 consumis,
1018 1848 1108 1905 quam
1124 1827 1170 1885 diu

128 1916 320 1992 31impidum
347 1919 455 1978 vulnus
488 1920 608 1976 curetur
640 1921 670 1976 et
698 1918 888 1994 adaequetur.
940 1915 1054 1985 Quodsi
1080 1920 1170 1992 ipsum

163 2023 195 2062 os
219 2023 398 2066 condomare
416 2027 476 2066 non
499 2007 640 2083 potuerit,
663 2006 797 2065 tamdiu
816 2006 924 2065 cotidie
948 2005 1063 2066 credito
1086 2006 1171 2065 donec

234 2162 250 2211 8
270 2154 342 2211 Ghir.
359 2175 380 2212 c.
397 2164 438 2213 86.
513 2163 546 2211 15
566 2156 640 2211 Chir.
655 2174 677 2211 c.
694 2162 735 2210 86.

234 2307 247 2355 1
266 2300 389 2370 reperies
407 2302 435 2354 P
459 2302 469 2368 ΙΙ
496 2306 582 2368 uper
606 2315 692 2367 quam
715 2299 841 2353 medicus
867 2315 898 2352 os
917 2301 946 2353 P
967 2315 1041 2367 quae
1065 2300 1169 2353 curatae

162 2375 228 2425 sunt
240 2390 323 2441 osup.
338 2372 382 2426 vel
396 2387 468 2439 quae
483 2386 581 2425 curare
597 2369 683 2425 debet
698 2372 726 2424 A
742 2373 746 2439 Ι
762 2387 793 2424 os
808 2388 858 2425 cm.
873 2372 902 2424 A
915 2372 955 2439 113
974 2371 1007 2423 ut
1020 2370 1115 2424 vinnm
1128 2367 1169 2436 ΡΗ
1241 2386 1242 2389 ’

158 2449 178 2496 5
197 2444 324 2512 proficies
339 2446 384 2512 ΡΙ
401 2442 471 2496 meri
489 2443 587 2495 ventus
606 2442 635 2495 A
653 2441 748 2494 vinum
766 2442 843 2495 intus
862 2443 890 2495 P

233 2520 248 2567 8
263 2514 375 2569 inoculi
385 2529 446 2569 osse
457 2532 483 2583 p.
491 2516 519 2568 P
535 2515 539 2582 Ι
553 2512 643 2567 91111.
655 2511 805 2583 oxilaginis
816 2511 908 2565 simile
916 2511 976 2566 Asi
986 2511 1016 2565 in
1024 2511 1087 2582 ipso
1097 2509 1168 2565 oculo

154 2585 280 2639 ereverit
293 2602 324 2639 oe
343 2585 480 2655 cartilago
494 2600 528 2638 ve
553 2583 654 2651 simile,
673 2582 714 2637 sie
728 2586 826 2638 curato
840 2585 868 2637 P
879 2585 889 2652 ΙΙ
904 2588 937 2636 10
952 2598 1067 2637 caueam
1084 2597 1168 2651 maroc

161 2653 206 2708 vel
219 2658 323 2709 terram
339 2657 367 2710 A
380 2659 390 2725 ΙΙ
405 2662 436 2709 11
457 2655 527 2710 oseis
544 2654 650 2708 cerosio
667 2653 805 2725 gilbulom
819 2655 847 2708 A
865 2654 963 2709 1111111.
979 2670 1011 2707 os
1029 2651 1168 2709 succisorio

162 2723 325 2796 gumbulam
337 2727 410 2782 0111.
424 2729 434 2796 ΙΙ
449 2732 481 2780 12
496 2743 531 2781 ex
541 2743 571 2780 ee
580 2742 652 2780 exer.
667 2727 707 2780 ed.
713 2742 757 2794 pr.
769 2725 845 2793 quod
858 2740 987 2779 exercere
997 2742 1019 2779 c.
1030 2741 1122 2795 morqo
1131 2720 1168 2776 vel

162 2812 318 2850 excressere
328 2798 356 2851 A
368 2801 378 2866 ΙΙ
393 2803 497 2851 10-16
512 2796 602 2851 eiecto
616 2813 641 2851 a.
656 2796 686 2849 in
700 2798 804 2850 terram
823 2795 956 2850 contrahe
970 2796 1133 2866 palpebram
1145 2794 1168 2846 11

163 2884 227 2921 cum
240 2866 313 2921 ferro
324 2884 446 2938 congruo
458 2868 551 2922 incide
566 2866 789 2937 superfluitatem
803 2866 883 2921 illam
896 2866 938 2921 ita
952 2867 1029 2934 quod
1041 2865 1168 2921 similetur

162 2955 231 2992 sano
250 2941 279 2992 11
292 2938 379 3008 imple
392 2939 486 2993 locum
500 2939 535 2993 de
549 2938 675 3008 pulvillis
689 2937 790 2992 infusis
804 2939 835 2992 in
848 2938 910 2993 oleo
925 2941 954 2991 et
968 2940 1049 2992 aceto
1069 2940 1097 2992 et
1108 2936 1166 3006 liga

162 3026 218 3063 uon
233 3009 364 3064 solvendo
377 3009 434 3063 nisi
446 3010 531 3065 tertio
545 3010 592 3063 die
606 3012 636 3064 et
650 3010 690 3063 sic
703 3009 749 3063 fac
765 3052 770 3063 .
787 3052 792 3062 .
810 3052 814 3062 .
831 3010 959 3077 (lucano)
976 3026 1037 3077 usq.
1053 3009 1090 3062 ad
1103 3007 1169 3061 diem

156 3080 294 3148 quintum
312 3080 401 3136 donee
419 3080 438 3135 f.
457 3082 580 3147 recedat,
597 3082 699 3149 postca
716 3083 836 3150 traugm.
855 3082 936 3135 utere
953 3082 981 3134 P
997 3082 1007 3149 ΙΙ
1029 3086 1063 3135 14
1080 3077 1167 3133 addito

155 3152 233 3223 culp.
253 3151 367 3206 madido
387 3153 460 3208 cao.
484 3155 494 3222 11
522 3157 555 3206 lt
573 3150 686 3206 ferunta
700 3154 728 3206 A
746 3150 857 3205 fervura
876 3151 949 3206 coir.
979 3152 984 3218 Ι
1014 3147 1169 3205 consalin

162 3223 202 3276 ed.
214 3239 259 3290 pr.
275 3222 439 3277 catataltico
449 3225 477 3277 A
491 3223 629 3277 corrosivo
644 3224 739 3277 autern
748 3225 776 3277 P
787 3224 797 3291 ΙΙ
812 3226 845 3275 11
856 3221 926 3275 labr.
940 3222 1013 3277 cta.
1029 3221 1105 3276 labia
1117 3219 1169 3274 cP

162 3292 347 3346 liberaturum
365 3295 394 3347 A
411 3292 473 3346 libr.
489 3295 529 3347 ed.
538 3311 584 3362 pr.
616 3295 626 3362 ΙΙ
655 3297 688 3347 18
706 3293 784 3362 limp.
805 3293 906 3346 vulnus
924 3292 1099 3361 adaequetur
1111 3287 1164 3346 Al

162 3361 276 3417 uberius
295 3366 432 3431 aequetur
445 3365 473 3417 P
490 3365 500 3432 11
524 3368 556 3417 19
576 3367 740 3417 concamari
757 3365 797 3419 cd.
813 3380 854 3431 pr.
878 3366 882 3431 Ι
904 3363 1010 3432 poterit
1028 3367 1057 3419 A
1073 3359 1164 3438 potoris

164 3434 193 3487 P
219 3437 223 3501 Ι
254 3433 397 3488 eradicato
415 3434 455 3487 ed.
468 3450 511 3501 pr.
526 3435 554 3487 A
573 3433 681 3487 erudito
700 3436 729 3489 P
740 3435 774 3500 cf.
791 3435 864 3490 coir.
895 3436 899 3502 Ι
931 3434 1165 3489 donec-incarneo
1239 3457 1240 3494 l

164 3504 288 3573 coeperit
307 3506 335 3558 P
1238 3543 1239 3592 ,

438 3793 1243 3889 ——j
