<?xml version="1.0" encoding="UTF-8"?>
<!DOCTYPE html PUBLIC "-//W3C//DTD XHTML 1.0 Transitional//EN"
    "http://www.w3.org/TR/xhtml1/DTD/xhtml1-transitional.dtd">
<html xmlns="http://www.w3.org/1999/xhtml" xml:lang="en" lang="en">
 <head>
  <title>
</title>
<meta http-equiv="Content-Type" content="text/html;charset=utf-8" />
  <meta name='ocr-system' content='tesseract 3.04.00' />
  <meta name='ocr-capabilities' content='ocr_page ocr_carea ocr_par ocr_line ocrx_word'/>
</head>
<body>
  <div class='ocr_page' id='page_1' title='image "./pvegetirenatidi00lommgoog_0147.png"; bbox 0 0 2509 3892; ppageno 0'>
   <div class='ocr_carea' id='block_1_1' title="bbox 424 134 1076 199">
    <p class='ocr_par' dir='ltr' id='par_1_1' title="bbox 424 134 1076 199">
     <span class='ocr_line' id='line_1_1' title="bbox 424 134 1076 199; baseline -0.008 -10"><span class='ocrx_word' id='word_1_1' title='bbox 424 135 562 191; x_wconf 77' lang='lat' dir='ltr'><strong>uvion.</strong></span> <span class='ocrx_word' id='word_1_2' title='bbox 582 136 594 187; x_wconf 91' lang='lat'><em>1</em></span> <span class='ocrx_word' id='word_1_3' title='bbox 613 141 717 189; x_wconf 78' lang='lat' dir='ltr'><strong>co-oe</strong></span> <span class='ocrx_word' id='word_1_4' title='bbox 1032 134 1076 199; x_wconf 84' lang='lat'><strong>93</strong></span> 
     </span>
    </p>
   </div>
   <div class='ocr_carea' id='block_1_2' title="bbox 43 304 1110 1273">
    <p class='ocr_par' dir='ltr' id='par_1_2' title="bbox 43 304 1110 1273">
     <span class='ocr_line' id='line_1_2' title="bbox 77 304 1076 382; baseline -0.004 -17"><span class='ocrx_word' id='word_1_5' title='bbox 77 308 138 365; x_wconf 83' lang='lat' dir='ltr'><strong>vino</strong></span> <span class='ocrx_word' id='word_1_6' title='bbox 165 307 320 382; x_wconf 78' lang='lat' dir='ltr'><strong>permisces</strong></span> <span class='ocrx_word' id='word_1_7' title='bbox 351 305 539 380; x_wconf 83' lang='lat' dir='ltr'><strong>coletumque</strong></span> <span class='ocrx_word' id='word_1_8' title='bbox 568 324 621 380; x_wconf 90' lang='lat' dir='ltr'><strong>per</strong></span> <span class='ocrx_word' id='word_1_9' title='bbox 650 321 737 362; x_wconf 83' lang='lat' dir='ltr'><strong>nores</strong></span> <span class='ocrx_word' id='word_1_10' title='bbox 766 304 916 379; x_wconf 81' lang='lat' dir='ltr'><strong>infundes,</strong></span> <span class='ocrx_word' id='word_1_11' title='bbox 949 306 979 362; x_wconf 91' lang='lat' dir='ltr'><strong>et</strong></span> <span class='ocrx_word' id='word_1_12' title='bbox 1008 322 1076 363; x_wconf 88' lang='lat' dir='ltr'><strong>con·</strong></span> 
     </span>
     <span class='ocr_line' id='line_1_3' title="bbox 75 393 1077 471; baseline -0.002 -18"><span class='ocrx_word' id='word_1_13' title='bbox 75 396 166 455; x_wconf 84' lang='lat' dir='ltr'><strong>festim</strong></span> <span class='ocrx_word' id='word_1_14' title='bbox 183 397 326 471; x_wconf 81' lang='lat' dir='ltr'><strong>provocet</strong></span> <span class='ocrx_word' id='word_1_15' title='bbox 343 396 469 452; x_wconf 86' lang='lat' dir='ltr'><strong>minam.</strong></span> <span class='ocrx_word' id='word_1_16' title='bbox 510 394 587 452; x_wconf 90' lang='lat' dir='ltr'><strong>Item</strong></span> <span class='ocrx_word' id='word_1_17' title='bbox 609 393 703 452; x_wconf 82' lang='lat' dir='ltr'><strong>ulium</strong></span> <span class='ocrx_word' id='word_1_18' title='bbox 728 396 860 452; x_wconf 89' lang='lat' dir='ltr'><strong>conteres</strong></span> <span class='ocrx_word' id='word_1_19' title='bbox 879 397 909 452; x_wconf 90' lang='lat' dir='ltr'><strong>et</strong></span> <span class='ocrx_word' id='word_1_20' title='bbox 931 394 963 450; x_wconf 90' lang='lat' dir='ltr'><strong>in</strong></span> <span class='ocrx_word' id='word_1_21' title='bbox 986 412 1077 452; x_wconf 83' lang='lat' dir='ltr'><strong>unum</strong></span> 
     </span>
     <span class='ocr_line' id='line_1_4' title="bbox 73 481 1076 558; baseline -0.002 -16"><span class='ocrx_word' id='word_1_22' title='bbox 73 485 177 558; x_wconf 85' lang='lat' dir='ltr'><strong>inicies,</strong></span> <span class='ocrx_word' id='word_1_23' title='bbox 199 486 233 541; x_wconf 93' lang='lat' dir='ltr'><strong>in</strong></span> <span class='ocrx_word' id='word_1_24' title='bbox 248 481 398 543; x_wconf 78' lang='lat' dir='ltr'>veretrum</span> <span class='ocrx_word' id='word_1_25' title='bbox 417 484 508 541; x_wconf 78' lang='lat' dir='ltr'><strong>etiam</strong></span> <span class='ocrx_word' id='word_1_26' title='bbox 531 502 589 558; x_wconf 90' lang='lat' dir='ltr'><strong>quo</strong></span> <span class='ocrx_word' id='word_1_27' title='bbox 613 484 778 541; x_wconf 90' lang='lat' dir='ltr'><strong>mincturus</strong></span> <span class='ocrx_word' id='word_1_28' title='bbox 797 484 842 541; x_wconf 89' lang='lat' dir='ltr'><strong>est</strong></span> <span class='ocrx_word' id='word_1_29' title='bbox 862 484 985 542; x_wconf 89' lang='lat' dir='ltr'><strong>inseres:</strong></span> <span class='ocrx_word' id='word_1_30' title='bbox 1008 502 1076 541; x_wconf 83' lang='lat' dir='ltr'><strong>mox</strong></span> 
     </span>
     <span class='ocr_line' id='line_1_5' title="bbox 74 570 1110 651; baseline -0.001 -21"><span class='ocrx_word' id='word_1_31' title='bbox 74 576 164 651; x_wconf 78' lang='lat' dir='ltr'><strong>egeret</strong></span> <span class='ocrx_word' id='word_1_32' title='bbox 192 574 307 632; x_wconf 88' lang='lat' dir='ltr'><strong>lotium.</strong></span> <span class='ocrx_word' id='word_1_33' title='bbox 359 571 448 629; x_wconf 89' lang='lat' dir='ltr'><strong>Item:</strong></span> <span class='ocrx_word' id='word_1_34' title='bbox 478 572 631 646; x_wconf 86' lang='lat' dir='ltr'><strong>pulverem</strong></span> <span class='ocrx_word' id='word_1_35' title='bbox 663 589 780 647; x_wconf 87' lang='lat' dir='ltr'><strong>quoque</strong></span> <span class='ocrx_word' id='word_1_36' title='bbox 808 570 884 629; x_wconf 90' lang='lat' dir='ltr'><strong>turis</strong></span> <span class='ocrx_word' id='word_1_37' title='bbox 919 591 986 630; x_wconf 91' lang='lat' dir='ltr'><strong>cum</strong></span> <span class='ocrx_word' id='word_1_38' title='bbox 1020 574 1110 631; x_wconf 80' lang='lat' dir='ltr'><strong>ovo2</strong></span> 
     </span>
     <span class='ocr_line' id='line_1_6' title="bbox 51 660 1078 737; baseline -0.001 -17"><span class='ocrx_word' id='word_1_39' title='bbox 51 664 191 737; x_wconf 74' lang='lat' dir='ltr'><strong>trinoque</strong></span> <span class='ocrx_word' id='word_1_40' title='bbox 219 663 411 737; x_wconf 86' lang='lat' dir='ltr'><strong>permixtum,</strong></span> <span class='ocrx_word' id='word_1_41' title='bbox 441 660 542 720; x_wconf 77' lang='lat' dir='ltr'><strong>addito</strong></span> <span class='ocrx_word' id='word_1_42' title='bbox 572 679 641 720; x_wconf 88' lang='lat' dir='ltr'><strong>suco</strong></span> <span class='ocrx_word' id='word_1_43' title='bbox 672 661 735 735; x_wconf 84' lang='lat' dir='ltr'><strong>opii</strong></span> <span class='ocrx_word' id='word_1_44' title='bbox 765 662 795 718; x_wconf 90' lang='lat' dir='ltr'><strong>et</strong></span> <span class='ocrx_word' id='word_1_45' title='bbox 824 661 967 734; x_wconf 82' lang='lat' dir='ltr'><strong>caulium,</strong></span> <span class='ocrx_word' id='word_1_46' title='bbox 996 661 1078 719; x_wconf 88' lang='lat' dir='ltr'><strong>siin</strong></span> 
     </span>
     <span class='ocr_line' id='line_1_7' title="bbox 72 747 1076 826; baseline -0.001 -18"><span class='ocrx_word' id='word_1_47' title='bbox 72 752 183 825; x_wconf 88' lang='lat' dir='ltr'><strong>potione</strong></span> <span class='ocrx_word' id='word_1_48' title='bbox 207 750 336 824; x_wconf 84' lang='lat' dir='ltr'><strong>dederis,</strong></span> <span class='ocrx_word' id='word_1_49' title='bbox 359 749 532 826; x_wconf 75' lang='lat' dir='ltr'>provocabit</span> <span class='ocrx_word' id='word_1_50' title='bbox 554 751 680 808; x_wconf 81' lang='lat' dir='ltr'><strong>urinam.</strong></span> <span class='ocrx_word' id='word_1_51' title='bbox 721 748 811 807; x_wconf 90' lang='lat' dir='ltr'><strong>Item:</strong></span> <span class='ocrx_word' id='word_1_52' title='bbox 837 747 923 807; x_wconf 83' lang='lat' dir='ltr'><strong>betas</strong></span> <span class='ocrx_word' id='word_1_53' title='bbox 946 766 981 807; x_wconf 81' lang='lat' dir='ltr'><strong>ec</strong></span> <span class='ocrx_word' id='word_1_54' title='bbox 1003 750 1076 807; x_wconf 81' lang='lat' dir='ltr'><strong>mal-</strong></span> 
     </span>
     <span class='ocr_line' id='line_1_8' title="bbox 72 838 1078 914; baseline -0.002 -16"><span class='ocrx_word' id='word_1_55' title='bbox 72 857 118 898; x_wconf 76' lang='lat' dir='ltr'><strong>vas</strong></span> <span class='ocrx_word' id='word_1_56' title='bbox 140 840 177 898; x_wconf 87' lang='lat' dir='ltr'><strong>ed</strong></span> <span class='ocrx_word' id='word_1_57' title='bbox 199 841 322 899; x_wconf 77' lang='lat' dir='ltr'><strong>tertiam</strong></span> <span class='ocrx_word' id='word_1_58' title='bbox 348 839 506 913; x_wconf 89' lang='lat' dir='ltr'><strong>decoques,</strong></span> <span class='ocrx_word' id='word_1_59' title='bbox 533 857 569 896; x_wconf 85' lang='lat' dir='ltr'><strong>ex</strong></span> <span class='ocrx_word' id='word_1_60' title='bbox 599 838 706 914; x_wconf 86' lang='lat' dir='ltr'><strong>quibus</strong></span> <span class='ocrx_word' id='word_1_61' title='bbox 734 857 844 913; x_wconf 82' lang='lat' dir='ltr'><strong>uquam</strong></span> <span class='ocrx_word' id='word_1_62' title='bbox 871 838 1015 910; x_wconf 62' lang='lat' dir='ltr'><strong>culertem</strong></span> <span class='ocrx_word' id='word_1_63' title='bbox 1040 838 1078 896; x_wconf 84' lang='lat' dir='ltr'><strong>cd</strong></span> 
     </span>
     <span class='ocr_line' id='line_1_9' title="bbox 73 926 1077 1004; baseline 0 -19"><span class='ocrx_word' id='word_1_64' title='bbox 73 928 195 987; x_wconf 89' lang='lat' dir='ltr'><strong>medium</strong></span> <span class='ocrx_word' id='word_1_65' title='bbox 214 930 375 987; x_wconf 83' lang='lat' dir='ltr'><strong>sextarium</strong></span> <span class='ocrx_word' id='word_1_66' title='bbox 394 947 462 985; x_wconf 92' lang='lat' dir='ltr'><strong>cum</strong></span> <span class='ocrx_word' id='word_1_67' title='bbox 479 928 567 985; x_wconf 86' lang='lat' dir='ltr'><strong>melle</strong></span> <span class='ocrx_word' id='word_1_68' title='bbox 586 929 757 986; x_wconf 77' lang='lat' dir='ltr'><strong>commisces</strong></span> <span class='ocrx_word' id='word_1_69' title='bbox 777 930 808 986; x_wconf 91' lang='lat' dir='ltr'><strong>et</strong></span> <span class='ocrx_word' id='word_1_70' title='bbox 825 946 879 1002; x_wconf 84' lang='lat' dir='ltr'><strong>per</strong></span> <span class='ocrx_word' id='word_1_71' title='bbox 897 945 930 985; x_wconf 90' lang='lat' dir='ltr'><strong>os</strong></span> <span class='ocrx_word' id='word_1_72' title='bbox 953 926 1077 1004; x_wconf 66' lang='lat' dir='ltr'><strong>digerere,</strong></span> 
     </span>
     <span class='ocr_line' id='line_1_10' title="bbox 72 1016 1076 1092; baseline -0.001 -18"><span class='ocrx_word' id='word_1_73' title='bbox 72 1018 198 1090; x_wconf 85' lang='lat' dir='ltr'><strong>proderit</strong></span> <span class='ocrx_word' id='word_1_74' title='bbox 211 1018 375 1076; x_wconf 81' lang='lat' dir='ltr'><strong>minutioni.</strong></span> <span class='ocrx_word' id='word_1_75' title='bbox 416 1016 505 1074; x_wconf 85' lang='lat' dir='ltr'><strong>Item:</strong></span> <span class='ocrx_word' id='word_1_76' title='bbox 525 1018 660 1075; x_wconf 84' lang='lat' dir='ltr'><strong>cimicem</strong></span> <span class='ocrx_word' id='word_1_77' title='bbox 678 1034 794 1092; x_wconf 90' lang='lat' dir='ltr'><strong>quoque</strong></span> <span class='ocrx_word' id='word_1_78' title='bbox 809 1018 911 1075; x_wconf 85' lang='lat' dir='ltr'><strong>vivum</strong></span> <span class='ocrx_word' id='word_1_79' title='bbox 929 1017 962 1073; x_wconf 88' lang='lat' dir='ltr'><strong>in</strong></span> <span class='ocrx_word' id='word_1_80' title='bbox 977 1034 1076 1074; x_wconf 81' lang='lat' dir='ltr'><strong>aurem</strong></span> 
     </span>
     <span class='ocr_line' id='line_1_11' title="bbox 43 1105 1077 1181; baseline 0.001 -19"><span class='ocrx_word' id='word_1_81' title='bbox 43 1124 62 1162; x_wconf 87' lang='lat' dir='ltr'><strong>u</strong></span> <span class='ocrx_word' id='word_1_82' title='bbox 72 1107 128 1165; x_wconf 87' lang='lat' dir='ltr'><strong>eius</strong></span> <span class='ocrx_word' id='word_1_83' title='bbox 145 1109 233 1165; x_wconf 88' lang='lat' dir='ltr'><strong>mitte</strong></span> <span class='ocrx_word' id='word_1_84' title='bbox 251 1109 283 1164; x_wconf 91' lang='lat' dir='ltr'><strong>et</strong></span> <span class='ocrx_word' id='word_1_85' title='bbox 305 1106 434 1164; x_wconf 77' lang='lat' dir='ltr'><strong>alterum</strong></span> <span class='ocrx_word' id='word_1_86' title='bbox 452 1124 542 1179; x_wconf 82' lang='lat' dir='ltr'><strong>supro</strong></span> <span class='ocrx_word' id='word_1_87' title='bbox 559 1108 699 1163; x_wconf 80' lang='lat' dir='ltr'><strong>naturum</strong></span> <span class='ocrx_word' id='word_1_88' title='bbox 717 1105 748 1162; x_wconf 94' lang='lat' dir='ltr'><strong>in</strong></span> <span class='ocrx_word' id='word_1_89' title='bbox 766 1107 832 1181; x_wconf 90' lang='lat' dir='ltr'><strong>ipso</strong></span> <span class='ocrx_word' id='word_1_90' title='bbox 852 1106 996 1163; x_wconf 79' lang='lat' dir='ltr'><strong>foramine</strong></span> <span class='ocrx_word' id='word_1_91' title='bbox 1020 1124 1077 1179; x_wconf 91' lang='lat' dir='ltr'><strong>quo</strong></span> 
     </span>
     <span class='ocr_line' id='line_1_12' title="bbox 72 1194 989 1273; baseline -0.001 -21"><span class='ocrx_word' id='word_1_92' title='bbox 72 1197 171 1273; x_wconf 83' lang='lat' dir='ltr'><strong>ningit</strong></span> <span class='ocrx_word' id='word_1_93' title='bbox 195 1197 336 1267; x_wconf 75' lang='lat' dir='ltr'><strong>confrico,</strong></span> <span class='ocrx_word' id='word_1_94' title='bbox 358 1195 535 1253; x_wconf 81' lang='lat' dir='ltr'><strong>facillimum</strong></span> <span class='ocrx_word' id='word_1_95' title='bbox 558 1197 729 1269; x_wconf 89' lang='lat' dir='ltr'><strong>certumque</strong></span> <span class='ocrx_word' id='word_1_96' title='bbox 751 1194 914 1252; x_wconf 90' lang='lat' dir='ltr'><strong>remedium</strong></span> <span class='ocrx_word' id='word_1_97' title='bbox 937 1197 989 1252; x_wconf 88' lang='lat' dir='ltr'><strong>est.</strong></span> 
     </span>
    </p>
   </div>
   <div class='ocr_carea' id='block_1_3' title="bbox 398 1401 739 1482">
    <p class='ocr_par' dir='ltr' id='par_1_3' title="bbox 398 1401 739 1482">
     <span class='ocr_line' id='line_1_13' title="bbox 398 1401 739 1482; baseline 0 -17"><span class='ocrx_word' id='word_1_98' title='bbox 398 1402 513 1465; x_wconf 84' lang='lat' dir='ltr'><em>LXII.</em></span> <span class='ocrx_word' id='word_1_99' title='bbox 536 1401 587 1466; x_wconf 84' lang='lat' dir='ltr'><strong>De</strong></span> <span class='ocrx_word' id='word_1_100' title='bbox 608 1402 739 1482; x_wconf 77' lang='lat' dir='ltr'><strong>stropho.</strong></span> 
     </span>
    </p>
   </div>
   <div class='ocr_carea' id='block_1_4' title="bbox 43 1532 1170 2408">
    <p class='ocr_par' dir='ltr' id='par_1_4' title="bbox 43 1532 1170 2408">
     <span class='ocr_line' id='line_1_14' title="bbox 130 1532 1170 1607; baseline 0.001 -17"><span class='ocrx_word' id='word_1_101' title='bbox 130 1533 278 1592; x_wconf 87' lang='lat' dir='ltr'><strong>Itinerum</strong></span> <span class='ocrx_word' id='word_1_102' title='bbox 301 1532 417 1591; x_wconf 82' lang='lat' dir='ltr'><strong>essibus</strong></span> <span class='ocrx_word' id='word_1_103' title='bbox 441 1532 597 1591; x_wconf 86' lang='lat' dir='ltr'><strong>subvenire</strong></span> <span class='ocrx_word' id='word_1_104' title='bbox 620 1533 773 1607; x_wconf 87' lang='lat' dir='ltr'><strong>cupientes</strong></span> <span class='ocrx_word' id='word_1_105' title='bbox 799 1532 834 1590; x_wconf 89' lang='lat' dir='ltr'><strong>de</strong></span> <span class='ocrx_word' id='word_1_106' title='bbox 860 1534 996 1607; x_wconf 88' lang='lat' dir='ltr'><strong>plurimis</strong></span> <span class='ocrx_word' id='word_1_107' title='bbox 1033 1544 1170 1585; x_wconf 69' lang='lat' dir='ltr'><strong>mouscin.</strong></span> 
     </span>
     <span class='ocr_line' id='line_1_15' title="bbox 73 1621 1078 1693; baseline 0.001 -15"><span class='ocrx_word' id='word_1_108' title='bbox 73 1639 161 1693; x_wconf 80' lang='lat' dir='ltr'><strong>peuce</strong></span> <span class='ocrx_word' id='word_1_109' title='bbox 175 1622 228 1682; x_wconf 90' lang='lat' dir='ltr'><strong>sed</strong></span> <span class='ocrx_word' id='word_1_110' title='bbox 246 1621 406 1680; x_wconf 75' lang='lat' dir='ltr'><strong>manifesta</strong></span> <span class='ocrx_word' id='word_1_111' title='bbox 419 1621 555 1679; x_wconf 81' lang='lat' dir='ltr'><strong>libemus.</strong></span> <span class='ocrx_word' id='word_1_112' title='bbox 587 1621 666 1679; x_wconf 80' lang='lat' dir='ltr'><strong>Nam</strong></span> <span class='ocrx_word' id='word_1_113' title='bbox 680 1621 823 1679; x_wconf 80' lang='lat' dir='ltr'><strong>animalia</strong></span> <span class='ocrx_word' id='word_1_114' title='bbox 837 1621 891 1680; x_wconf 90' lang='lat' dir='ltr'><strong>sub</strong></span> <span class='ocrx_word' id='word_1_115' title='bbox 905 1640 1016 1681; x_wconf 87' lang='lat' dir='ltr'><strong>sessore</strong></span> <span class='ocrx_word' id='word_1_116' title='bbox 1030 1623 1078 1680; x_wconf 81' lang='lat' dir='ltr'><strong>vel</strong></span> 
     </span>
     <span class='ocr_line' id='line_1_16' title="bbox 43 1709 1079 1786; baseline 0.005 -21"><span class='ocrx_word' id='word_1_117' title='bbox 43 1727 153 1769; x_wconf 77' lang='lat' dir='ltr'><strong>uenere</strong></span> <span class='ocrx_word' id='word_1_118' title='bbox 177 1712 264 1770; x_wconf 92' lang='lat' dir='ltr'><strong>dolor</strong></span> <span class='ocrx_word' id='word_1_119' title='bbox 292 1712 404 1769; x_wconf 82' lang='lat' dir='ltr'><strong>ventris</strong></span> <span class='ocrx_word' id='word_1_120' title='bbox 432 1711 602 1785; x_wconf 88' lang='lat' dir='ltr'><strong>frequenter</strong></span> <span class='ocrx_word' id='word_1_121' title='bbox 630 1709 740 1786; x_wconf 79' lang='lat' dir='ltr'><strong>affligit</strong></span> <span class='ocrx_word' id='word_1_122' title='bbox 762 1712 820 1783; x_wconf 84' lang='lat' dir='ltr'><strong>ite,</strong></span> <span class='ocrx_word' id='word_1_123' title='bbox 850 1714 884 1769; x_wconf 94' lang='lat' dir='ltr'><strong>ut</strong></span> <span class='ocrx_word' id='word_1_124' title='bbox 906 1712 1079 1770; x_wconf 82' lang='lat' dir='ltr'><strong>volutentur</strong></span> 
     </span>
     <span class='ocr_line' id='line_1_17' title="bbox 73 1799 1078 1875; baseline 0.005 -21"><span class='ocrx_word' id='word_1_125' title='bbox 73 1801 99 1855; x_wconf 91' lang='lat' dir='ltr'><strong>et</strong></span> <span class='ocrx_word' id='word_1_126' title='bbox 113 1800 318 1875; x_wconf 81' lang='lat' dir='ltr'><strong>procumbunt.</strong></span> <span class='ocrx_word' id='word_1_127' title='bbox 356 1799 462 1857; x_wconf 84' lang='lat' dir='ltr'><strong>Semen</strong></span> <span class='ocrx_word' id='word_1_128' title='bbox 479 1800 583 1874; x_wconf 81' lang='lat' dir='ltr'><strong>itaque</strong></span> <span class='ocrx_word' id='word_1_129' title='bbox 600 1801 686 1856; x_wconf 84' lang='lat' dir='ltr'><strong>rutue</strong></span> <span class='ocrx_word' id='word_1_130' title='bbox 700 1799 845 1859; x_wconf 85' lang='lat' dir='ltr'><strong>silvestris</strong></span> <span class='ocrx_word' id='word_1_131' title='bbox 859 1801 908 1858; x_wconf 84' lang='lat' dir='ltr'><strong>vel</strong></span> <span class='ocrx_word' id='word_1_132' title='bbox 921 1799 1078 1874; x_wconf 83' lang='lat' dir='ltr'><strong>hortensis,</strong></span> 
     </span>
     <span class='ocr_line' id='line_1_18' title="bbox 72 1888 1079 1965; baseline 0.003 -21"><span class='ocrx_word' id='word_1_133' title='bbox 72 1888 94 1944; x_wconf 90' lang='lat' dir='ltr'><strong>si</strong></span> <span class='ocrx_word' id='word_1_134' title='bbox 120 1890 173 1949; x_wconf 84' lang='lat' dir='ltr'><strong>ille</strong></span> <span class='ocrx_word' id='word_1_135' title='bbox 204 1888 345 1963; x_wconf 85' lang='lat' dir='ltr'><strong>defuerit,</strong></span> <span class='ocrx_word' id='word_1_136' title='bbox 377 1888 536 1965; x_wconf 86' lang='lat' dir='ltr'><strong>diligenter</strong></span> <span class='ocrx_word' id='word_1_137' title='bbox 565 1888 672 1945; x_wconf 88' lang='lat' dir='ltr'><strong>tritum</strong></span> <span class='ocrx_word' id='word_1_138' title='bbox 701 1906 768 1947; x_wconf 88' lang='lat' dir='ltr'><strong>cum</strong></span> <span class='ocrx_word' id='word_1_139' title='bbox 797 1891 867 1947; x_wconf 83' lang='lat' dir='ltr'><strong>vino</strong></span> <span class='ocrx_word' id='word_1_140' title='bbox 899 1889 995 1948; x_wconf 81' lang='lat' dir='ltr'><strong>calido</strong></span> <span class='ocrx_word' id='word_1_141' title='bbox 1026 1908 1079 1964; x_wconf 92' lang='lat' dir='ltr'><strong>per</strong></span> 
     </span>
     <span class='ocr_line' id='line_1_19' title="bbox 73 1974 1078 2053; baseline 0.004 -20"><span class='ocrx_word' id='word_1_142' title='bbox 73 1974 164 2038; x_wconf 76' lang='lat' dir='ltr'><strong>buces</strong></span> <span class='ocrx_word' id='word_1_143' title='bbox 187 1981 307 2053; x_wconf 82' lang='lat' dir='ltr'><strong>oportet</strong></span> <span class='ocrx_word' id='word_1_144' title='bbox 336 1976 463 2035; x_wconf 88' lang='lat' dir='ltr'><strong>infundi.</strong></span> <span class='ocrx_word' id='word_1_145' title='bbox 505 1977 663 2035; x_wconf 76' lang='lat' dir='ltr'><strong>Praeterea</strong></span> <span class='ocrx_word' id='word_1_146' title='bbox 691 1996 813 2052; x_wconf 83' lang='lat' dir='ltr'><strong>equum,</strong></span> <span class='ocrx_word' id='word_1_147' title='bbox 843 1980 876 2036; x_wconf 91' lang='lat' dir='ltr'><strong>in</strong></span> <span class='ocrx_word' id='word_1_148' title='bbox 904 1997 1078 2053; x_wconf 79' lang='lat' dir='ltr'><strong>quousque</strong></span> 
     </span>
     <span class='ocr_line' id='line_1_20' title="bbox 73 2064 1077 2142; baseline 0.004 -20"><span class='ocrx_word' id='word_1_149' title='bbox 73 2064 106 2122; x_wconf 81' lang='lat' dir='ltr'><strong>od</strong></span> <span class='ocrx_word' id='word_1_150' title='bbox 130 2070 253 2126; x_wconf 80' lang='lat' dir='ltr'><strong>tertium</strong></span> <span class='ocrx_word' id='word_1_151' title='bbox 280 2065 367 2125; x_wconf 83' lang='lat' dir='ltr'><strong>betae</strong></span> <span class='ocrx_word' id='word_1_152' title='bbox 398 2066 535 2124; x_wconf 81' lang='lat' dir='ltr'><strong>decoctae</strong></span> <span class='ocrx_word' id='word_1_153' title='bbox 565 2069 648 2140; x_wconf 89' lang='lat' dir='ltr'><strong>sunt,</strong></span> <span class='ocrx_word' id='word_1_154' title='bbox 677 2084 838 2142; x_wconf 90' lang='lat' dir='ltr'><strong>sucumque</strong></span> <span class='ocrx_word' id='word_1_155' title='bbox 869 2087 969 2126; x_wconf 81' lang='lat' dir='ltr'><strong>eorum</strong></span> <span class='ocrx_word' id='word_1_156' title='bbox 998 2069 1077 2126; x_wconf 90' lang='lat' dir='ltr'><strong>nitro</strong></span> 
     </span>
     <span class='ocr_line' id='line_1_21' title="bbox 43 2153 1078 2231; baseline 0.003 -21"><span class='ocrx_word' id='word_1_157' title='bbox 43 2154 137 2213; x_wconf 79' lang='lat' dir='ltr'><strong>utrito</strong></span> <span class='ocrx_word' id='word_1_158' title='bbox 160 2158 298 2217; x_wconf 86' lang='lat' dir='ltr'><strong>sollerter</strong></span> <span class='ocrx_word' id='word_1_159' title='bbox 321 2155 463 2214; x_wconf 81' lang='lat' dir='ltr'><strong>admisces</strong></span> <span class='ocrx_word' id='word_1_160' title='bbox 485 2154 600 2229; x_wconf 89' lang='lat' dir='ltr'><strong>oleique</strong></span> <span class='ocrx_word' id='word_1_161' title='bbox 623 2153 713 2214; x_wconf 85' lang='lat' dir='ltr'><strong>addes</strong></span> <span class='ocrx_word' id='word_1_162' title='bbox 736 2155 895 2230; x_wconf 85' lang='lat' dir='ltr'><strong>heminam,</strong></span> <span class='ocrx_word' id='word_1_163' title='bbox 918 2156 1078 2231; x_wconf 80' lang='lat' dir='ltr'><strong>tepefacta·</strong></span> 
     </span>
     <span class='ocr_line' id='line_1_22' title="bbox 75 2243 1078 2319; baseline 0.003 -19"><span class='ocrx_word' id='word_1_164' title='bbox 75 2260 125 2315; x_wconf 90' lang='lat' dir='ltr'><strong>que</strong></span> <span class='ocrx_word' id='word_1_165' title='bbox 146 2248 178 2304; x_wconf 93' lang='lat' dir='ltr'><strong>in</strong></span> <span class='ocrx_word' id='word_1_166' title='bbox 201 2246 379 2304; x_wconf 87' lang='lat' dir='ltr'><strong>intestinum</strong></span> <span class='ocrx_word' id='word_1_167' title='bbox 396 2261 450 2319; x_wconf 87' lang='lat' dir='ltr'><strong>per</strong></span> <span class='ocrx_word' id='word_1_168' title='bbox 467 2244 625 2319; x_wconf 84' lang='lat' dir='ltr'><strong>clysterem</strong></span> <span class='ocrx_word' id='word_1_169' title='bbox 644 2243 797 2318; x_wconf 88' lang='lat' dir='ltr'><strong>diffundes,</strong></span> <span class='ocrx_word' id='word_1_170' title='bbox 821 2263 888 2302; x_wconf 91' lang='lat' dir='ltr'><strong>oum</strong></span> <span class='ocrx_word' id='word_1_171' title='bbox 906 2247 988 2319; x_wconf 87' lang='lat' dir='ltr'><strong>prius</strong></span> <span class='ocrx_word' id='word_1_172' title='bbox 1011 2263 1078 2319; x_wconf 90' lang='lat' dir='ltr'><strong>pro·</strong></span> 
     </span>
     <span class='ocr_line' id='line_1_23' title="bbox 74 2333 1077 2408; baseline 0.003 -20"><span class='ocrx_word' id='word_1_173' title='bbox 74 2349 138 2391; x_wconf 85' lang='lat' dir='ltr'><strong>num</strong></span> <span class='ocrx_word' id='word_1_174' title='bbox 160 2333 275 2394; x_wconf 78' lang='lat' dir='ltr'><strong>animal</strong></span> <span class='ocrx_word' id='word_1_175' title='bbox 297 2335 450 2406; x_wconf 81' lang='lat' dir='ltr'><strong>statueris,</strong></span> <span class='ocrx_word' id='word_1_176' title='bbox 478 2335 512 2391; x_wconf 94' lang='lat' dir='ltr'><strong>ut</strong></span> <span class='ocrx_word' id='word_1_177' title='bbox 534 2334 656 2391; x_wconf 89' lang='lat' dir='ltr'><strong>iniectio</strong></span> <span class='ocrx_word' id='word_1_178' title='bbox 680 2333 718 2391; x_wconf 84' lang='lat' dir='ltr'><strong>ad</strong></span> <span class='ocrx_word' id='word_1_179' title='bbox 745 2335 890 2391; x_wconf 82' lang='lat' dir='ltr'><strong>interiore</strong></span> <span class='ocrx_word' id='word_1_180' title='bbox 914 2334 1077 2408; x_wconf 86' lang='lat' dir='ltr'><strong>perveniet.</strong></span> 
     </span>
    </p>
   </div>
   <div class='ocr_carea' id='block_1_5' title="bbox 137 2500 1077 2571">
    <p class='ocr_par' dir='ltr' id='par_1_5' title="bbox 137 2500 1077 2571">
     <span class='ocr_line' id='line_1_24' title="bbox 137 2500 1077 2571; baseline -0.004 -13"><span class='ocrx_word' id='word_1_181' title='bbox 137 2511 153 2558; x_wconf 87' lang='grc'>6</span> <span class='ocrx_word' id='word_1_182' title='bbox 171 2503 231 2558; x_wconf 87' lang='lat' dir='ltr'><strong>Pel.</strong></span> <span class='ocrx_word' id='word_1_183' title='bbox 242 2520 264 2557; x_wconf 85' lang='lat' dir='ltr'><strong>c.</strong></span> <span class='ocrx_word' id='word_1_184' title='bbox 276 2508 336 2569; x_wconf 77' lang='lat'>152,</span> <span class='ocrx_word' id='word_1_185' title='bbox 348 2508 406 2556; x_wconf 81' lang='lat'>153.</span> <span class='ocrx_word' id='word_1_186' title='bbox 476 2506 509 2555; x_wconf 81' lang='lat' dir='ltr'><strong>1ss</strong></span> <span class='ocrx_word' id='word_1_187' title='bbox 528 2501 563 2556; x_wconf 81' lang='lat' dir='ltr'><strong>cf.</strong></span> <span class='ocrx_word' id='word_1_188' title='bbox 574 2502 643 2571; x_wconf 83' lang='lat' dir='ltr'><strong>Veg.</strong></span> <span class='ocrx_word' id='word_1_189' title='bbox 653 2501 680 2555; x_wconf 90' lang='lat' dir='ltr'><strong>II</strong></span> <span class='ocrx_word' id='word_1_190' title='bbox 689 2508 749 2555; x_wconf 80' lang='lat'>121.</span> <span class='ocrx_word' id='word_1_191' title='bbox 819 2507 852 2554; x_wconf 88' lang='lat'><strong>18</strong></span> <span class='ocrx_word' id='word_1_192' title='bbox 871 2500 906 2555; x_wconf 85' lang='lat' dir='ltr'><strong>cf.</strong></span> <span class='ocrx_word' id='word_1_193' title='bbox 915 2500 972 2554; x_wconf 88' lang='lat' dir='ltr'><strong>Pel.</strong></span> <span class='ocrx_word' id='word_1_194' title='bbox 983 2517 1005 2554; x_wconf 80' lang='lat' dir='ltr'><strong>o.</strong></span> <span class='ocrx_word' id='word_1_195' title='bbox 1018 2506 1077 2554; x_wconf 84' lang='lat'><strong>133.</strong></span> 
     </span>
    </p>
   </div>
   <div class='ocr_carea' id='block_1_6' title="bbox 74 2661 1080 3586">
    <p class='ocr_par' dir='ltr' id='par_1_6' title="bbox 74 2661 1080 3161">
     <span class='ocr_line' id='line_1_25' title="bbox 139 2661 1078 2744; baseline -0.003 -26"><span class='ocrx_word' id='word_1_196' title='bbox 139 2671 153 2718; x_wconf 89' lang='lat'>1</span> <span class='ocrx_word' id='word_1_197' title='bbox 173 2664 293 2718; x_wconf 86' lang='lat' dir='ltr'><strong>miscens</strong></span> <span class='ocrx_word' id='word_1_198' title='bbox 311 2662 427 2716; x_wconf 78' lang='lat' dir='ltr'><strong>nuribus</strong></span> <span class='ocrx_word' id='word_1_199' title='bbox 445 2662 505 2715; x_wconf 90' lang='lat' dir='ltr'><strong>eius</strong></span> <span class='ocrx_word' id='word_1_200' title='bbox 523 2661 641 2716; x_wconf 87' lang='lat' dir='ltr'><strong>infunde</strong></span> <span class='ocrx_word' id='word_1_201' title='bbox 660 2662 705 2734; x_wconf 92' lang='grc' dir='ltr'><strong>Ρ1</strong></span> <span class='ocrx_word' id='word_1_202' title='bbox 722 2661 882 2730; x_wconf 84' lang='lat' dir='ltr'><strong>collutumq.</strong></span> <span class='ocrx_word' id='word_1_203' title='bbox 898 2662 926 2715; x_wconf 97' lang='lat' dir='ltr'><strong><em>A</em></strong></span> <span class='ocrx_word' id='word_1_204' title='bbox 951 2663 957 2744; x_wconf 83' lang='grc'>1</span> <span class='ocrx_word' id='word_1_205' title='bbox 980 2663 1008 2715; x_wconf 86' lang='lat' dir='ltr'><strong>et</strong></span> <span class='ocrx_word' id='word_1_206' title='bbox 1026 2678 1078 2716; x_wconf 83' lang='lat' dir='ltr'><strong>om.</strong></span> 
     </span>
     <span class='ocr_line' id='line_1_26' title="bbox 76 2732 1076 2806; baseline 0.002 -21"><span class='ocrx_word' id='word_1_207' title='bbox 76 2732 144 2804; x_wconf 70' lang='lat' dir='ltr'><strong>Pl²</strong></span> <span class='ocrx_word' id='word_1_208' title='bbox 164 2736 194 2788; x_wconf 86' lang='lat' dir='ltr'><strong>in</strong></span> <span class='ocrx_word' id='word_1_209' title='bbox 213 2734 310 2806; x_wconf 81' lang='lat' dir='ltr'><strong>enum]</strong></span> <span class='ocrx_word' id='word_1_210' title='bbox 330 2749 415 2787; x_wconf 83' lang='lat' dir='ltr'><strong>msnu</strong></span> <span class='ocrx_word' id='word_1_211' title='bbox 429 2734 457 2787; x_wconf 95' lang='lat' dir='ltr'><strong><em>A</em></strong></span> <span class='ocrx_word' id='word_1_212' title='bbox 474 2733 589 2787; x_wconf 82' lang='lat' dir='ltr'><strong>neribus</strong></span> <span class='ocrx_word' id='word_1_213' title='bbox 604 2734 682 2802; x_wconf 77' lang='grc' dir='ltr'>Ρ113</span> <span class='ocrx_word' id='word_1_214' title='bbox 701 2736 730 2787; x_wconf 86' lang='lat' dir='ltr'><strong>et</strong></span> <span class='ocrx_word' id='word_1_215' title='bbox 748 2751 772 2787; x_wconf 84' lang='lat' dir='ltr'><strong>v.</strong></span> <span class='ocrx_word' id='word_1_216' title='bbox 787 2734 826 2787; x_wconf 84' lang='lat' dir='ltr'><strong>ed.</strong></span> <span class='ocrx_word' id='word_1_217' title='bbox 837 2750 882 2803; x_wconf 78' lang='lat' dir='ltr'><strong>pr.</strong></span> <span class='ocrx_word' id='word_1_218' title='bbox 903 2736 932 2787; x_wconf 89' lang='lat' dir='ltr'><strong>et</strong></span> <span class='ocrx_word' id='word_1_219' title='bbox 948 2751 978 2786; x_wconf 91' lang='lat' dir='ltr'><strong>m</strong></span> <span class='ocrx_word' id='word_1_220' title='bbox 992 2751 1015 2786; x_wconf 87' lang='lat' dir='ltr'><strong>v.</strong></span> <span class='ocrx_word' id='word_1_221' title='bbox 1032 2733 1076 2806; x_wconf 92' lang='grc' dir='ltr'><strong>Ρ1</strong></span> 
     </span>
     <span class='ocr_line' id='line_1_27' title="bbox 75 2801 1078 2875; baseline 0.002 -18"><span class='ocrx_word' id='word_1_222' title='bbox 75 2801 201 2860; x_wconf 86' lang='lat' dir='ltr'><strong>feretrum</strong></span> <span class='ocrx_word' id='word_1_223' title='bbox 220 2806 270 2875; x_wconf 90' lang='lat' dir='ltr'><strong>qui</strong></span> <span class='ocrx_word' id='word_1_224' title='bbox 287 2806 423 2859; x_wconf 85' lang='lat' dir='ltr'><strong>micturus</strong></span> <span class='ocrx_word' id='word_1_225' title='bbox 442 2806 531 2873; x_wconf 90' lang='lat' dir='ltr'><strong>(mint.</strong></span> <span class='ocrx_word' id='word_1_226' title='bbox 552 2806 587 2874; x_wconf 77' lang='lat' dir='ltr'><strong>G)</strong></span> <span class='ocrx_word' id='word_1_227' title='bbox 607 2807 651 2858; x_wconf 86' lang='lat' dir='ltr'><strong>est</strong></span> <span class='ocrx_word' id='word_1_228' title='bbox 668 2806 696 2858; x_wconf 92' lang='lat' dir='ltr'><strong><em>A</em></strong></span> <span class='ocrx_word' id='word_1_229' title='bbox 727 2803 731 2875; x_wconf 94' lang='grc'>1</span> <span class='ocrx_word' id='word_1_230' title='bbox 766 2805 1009 2874; x_wconf 82' lang='lat' dir='ltr'><strong>etiem-inseres</strong></span> <span class='ocrx_word' id='word_1_231' title='bbox 1028 2823 1078 2859; x_wconf 84' lang='lat' dir='ltr'><strong>om.</strong></span> 
     </span>
     <span class='ocr_line' id='line_1_28' title="bbox 74 2875 1080 2947; baseline 0 -18"><span class='ocrx_word' id='word_1_232' title='bbox 74 2876 163 2946; x_wconf 64' lang='lat' dir='ltr'><strong>eope</strong></span> <span class='ocrx_word' id='word_1_233' title='bbox 178 2880 287 2947; x_wconf 80' lang='grc' dir='ltr'>Ρ114ο</span> <span class='ocrx_word' id='word_1_234' title='bbox 308 2877 469 2944; x_wconf 67' lang='lat' dir='ltr'><strong>erismpr.</strong></span> <span class='ocrx_word' id='word_1_235' title='bbox 484 2878 532 2945; x_wconf 81' lang='grc'>114,</span> <span class='ocrx_word' id='word_1_236' title='bbox 547 2881 602 2943; x_wconf 80' lang='grc'><strong>6,9</strong></span> <span class='ocrx_word' id='word_1_237' title='bbox 621 2876 690 2929; x_wconf 87' lang='lat' dir='ltr'><strong>item</strong></span> <span class='ocrx_word' id='word_1_238' title='bbox 703 2893 754 2930; x_wconf 84' lang='lat' dir='ltr'><strong>om.</strong></span> <span class='ocrx_word' id='word_1_239' title='bbox 769 2877 879 2946; x_wconf 78' lang='grc' dir='ltr'>ΑΡ116</span> <span class='ocrx_word' id='word_1_240' title='bbox 898 2875 923 2929; x_wconf 87' lang='lat' dir='ltr'><strong>si</strong></span> <span class='ocrx_word' id='word_1_241' title='bbox 937 2876 1080 2945; x_wconf 90' lang='lat' dir='ltr'><strong>potionem</strong></span> 
     </span>
     <span class='ocr_line' id='line_1_29' title="bbox 76 2895 1078 3030; baseline -0.002 -26"><span class='ocrx_word' id='word_1_242' title='bbox 76 2945 98 2998; x_wconf 76' lang='lat' dir='ltr'><strong>d.</strong></span> <span class='ocrx_word' id='word_1_243' title='bbox 111 2951 180 3020; x_wconf 66' lang='lat' dir='ltr'><strong>culo.</strong></span> <span class='ocrx_word' id='word_1_244' title='bbox 196 2966 265 3004; x_wconf 83' lang='lat' dir='ltr'><strong>corr.</strong></span> <span class='ocrx_word' id='word_1_245' title='bbox 282 2895 362 3003; x_wconf 64' lang='lat' dir='ltr'><strong>deso.</strong></span> <span class='ocrx_word' id='word_1_246' title='bbox 377 2951 416 3017; x_wconf 84' lang='grc'><strong>116</strong></span> <span class='ocrx_word' id='word_1_247' title='bbox 435 2946 599 3017; x_wconf 72' lang='lat' dir='ltr'><strong>provocabis</strong></span> <span class='ocrx_word' id='word_1_248' title='bbox 617 2950 645 3001; x_wconf 87' lang='lat' dir='ltr'><strong><em>A</em></strong></span> <span class='ocrx_word' id='word_1_249' title='bbox 661 2951 666 3015; x_wconf 98' lang='grc'>1</span> <span class='ocrx_word' id='word_1_250' title='bbox 681 2947 773 3000; x_wconf 81' lang='lat' dir='ltr'><strong>bletes</strong></span> <span class='ocrx_word' id='word_1_251' title='bbox 792 2949 820 3002; x_wconf 91' lang='lat' dir='ltr'><strong><em>P</em></strong></span> <span class='ocrx_word' id='word_1_252' title='bbox 840 2951 849 3016; x_wconf 96' lang='grc'><strong>11</strong></span> <span class='ocrx_word' id='word_1_253' title='bbox 872 2952 888 3001; x_wconf 89' lang='lat'><em>8</em></span> <span class='ocrx_word' id='word_1_254' title='bbox 907 2947 1006 3018; x_wconf 71' lang='lat' dir='ltr'><strong>dirigis</strong></span> <span class='ocrx_word' id='word_1_255' title='bbox 1026 2949 1053 3002; x_wconf 90' lang='lat' dir='ltr'><strong><em>A</em></strong></span> <span class='ocrx_word' id='word_1_256' title='bbox 1072 2948 1078 3030; x_wconf 84' lang='grc'>1</span> 
     </span>
     <span class='ocr_line' id='line_1_30' title="bbox 76 3018 1080 3088; baseline -0.002 -16"><span class='ocrx_word' id='word_1_257' title='bbox 76 3033 118 3085; x_wconf 83' lang='lat' dir='ltr'><strong>per</strong></span> <span class='ocrx_word' id='word_1_258' title='bbox 135 3037 166 3074; x_wconf 88' lang='lat' dir='ltr'><strong>os</strong></span> <span class='ocrx_word' id='word_1_259' title='bbox 185 3020 223 3074; x_wconf 87' lang='lat' dir='ltr'><strong>ed</strong></span> <span class='ocrx_word' id='word_1_260' title='bbox 242 3037 327 3073; x_wconf 91' lang='lat' dir='ltr'><strong>cornu</strong></span> <span class='ocrx_word' id='word_1_261' title='bbox 346 3019 436 3085; x_wconf 83' lang='lat' dir='ltr'><strong>dubis,</strong></span> <span class='ocrx_word' id='word_1_262' title='bbox 455 3019 551 3072; x_wconf 81' lang='lat' dir='ltr'><strong>stetim</strong></span> <span class='ocrx_word' id='word_1_263' title='bbox 566 3018 677 3072; x_wconf 88' lang='lat' dir='ltr'><strong>conficit</strong></span> <span class='ocrx_word' id='word_1_264' title='bbox 692 3020 719 3072; x_wconf 92' lang='lat' dir='ltr'><em>P</em></span> <span class='ocrx_word' id='word_1_265' title='bbox 736 3018 843 3072; x_wconf 86' lang='lat' dir='ltr'><strong>confert</strong></span> <span class='ocrx_word' id='word_1_266' title='bbox 857 3019 895 3072; x_wconf 88' lang='lat' dir='ltr'><strong><em>M</em></strong></span> <span class='ocrx_word' id='word_1_267' title='bbox 903 3020 928 3073; x_wconf 88' lang='lat' dir='ltr'><strong><em>V</em></strong></span> <span class='ocrx_word' id='word_1_268' title='bbox 938 3021 948 3088; x_wconf 91' lang='grc'><strong>11</strong></span> <span class='ocrx_word' id='word_1_269' title='bbox 963 3025 996 3073; x_wconf 87' lang='grc'><strong>10</strong></span> <span class='ocrx_word' id='word_1_270' title='bbox 1014 3034 1080 3086; x_wconf 82' lang='lat' dir='ltr'><strong>equi</strong></span> 
     </span>
     <span class='ocr_line' id='line_1_31' title="bbox 74 3090 916 3161; baseline 0.001 -18"><span class='ocrx_word' id='word_1_271' title='bbox 74 3090 283 3161; x_wconf 69' lang='lat' dir='ltr'><strong>ed.pr.1mitte</strong></span> <span class='ocrx_word' id='word_1_272' title='bbox 302 3090 521 3145; x_wconf 85' lang='lat' dir='ltr'><strong>etinforomen</strong></span> <span class='ocrx_word' id='word_1_273' title='bbox 539 3091 644 3159; x_wconf 72' lang='lat' dir='ltr'><strong>virgae,</strong></span> <span class='ocrx_word' id='word_1_274' title='bbox 663 3091 769 3143; x_wconf 88' lang='lat' dir='ltr'><strong>certum</strong></span> <span class='ocrx_word' id='word_1_275' title='bbox 786 3107 807 3142; x_wconf 92' lang='lat' dir='ltr'><strong>r.</strong></span> <span class='ocrx_word' id='word_1_276' title='bbox 827 3092 870 3143; x_wconf 88' lang='lat' dir='ltr'><strong>est</strong></span> <span class='ocrx_word' id='word_1_277' title='bbox 888 3091 916 3144; x_wconf 93' lang='lat' dir='ltr'><em>P</em></span> 
     </span>
    </p>

    <p class='ocr_par' dir='ltr' id='par_1_7' title="bbox 75 3160 1080 3586">
     <span class='ocr_line' id='line_1_32' title="bbox 139 3160 1077 3232; baseline -0.001 -16"><span class='ocrx_word' id='word_1_278' title='bbox 139 3169 171 3217; x_wconf 84' lang='lat'><strong>13</strong></span> <span class='ocrx_word' id='word_1_279' title='bbox 191 3162 319 3232; x_wconf 88' lang='lat' dir='ltr'><strong>pluribus</strong></span> <span class='ocrx_word' id='word_1_280' title='bbox 345 3162 384 3215; x_wconf 85' lang='lat' dir='ltr'><strong>ed.</strong></span> <span class='ocrx_word' id='word_1_281' title='bbox 402 3180 446 3231; x_wconf 75' lang='lat' dir='ltr'><strong>pr.</strong></span> <span class='ocrx_word' id='word_1_282' title='bbox 478 3164 488 3230; x_wconf 95' lang='grc'><strong>11</strong></span> <span class='ocrx_word' id='word_1_283' title='bbox 521 3168 554 3214; x_wconf 83' lang='grc'><strong>14</strong></span> <span class='ocrx_word' id='word_1_284' title='bbox 573 3160 698 3214; x_wconf 85' lang='lat' dir='ltr'><strong>dicemus</strong></span> <span class='ocrx_word' id='word_1_285' title='bbox 722 3163 750 3214; x_wconf 93' lang='lat' dir='ltr'><strong><em>P</em></strong></span> <span class='ocrx_word' id='word_1_286' title='bbox 771 3160 923 3215; x_wconf 75' lang='lat' dir='ltr'><strong>libabimus</strong></span> <span class='ocrx_word' id='word_1_287' title='bbox 948 3163 988 3215; x_wconf 85' lang='lat' dir='ltr'><strong>ed.</strong></span> <span class='ocrx_word' id='word_1_288' title='bbox 1007 3160 1077 3231; x_wconf 64' lang='lat' dir='ltr'><strong>pc!</strong></span> 
     </span>
     <span class='ocr_line' id='line_1_33' title="bbox 75 3231 1079 3303; baseline -0.001 -18"><span class='ocrx_word' id='word_1_289' title='bbox 75 3235 190 3288; x_wconf 83' lang='lat' dir='ltr'><strong>sessione</strong></span> <span class='ocrx_word' id='word_1_290' title='bbox 209 3235 304 3302; x_wconf 89' lang='grc' dir='ltr'>Ρ1118</span> <span class='ocrx_word' id='word_1_291' title='bbox 324 3231 444 3286; x_wconf 85' lang='lat' dir='ltr'><strong>diffundi</strong></span> <span class='ocrx_word' id='word_1_292' title='bbox 462 3234 490 3287; x_wconf 92' lang='lat' dir='ltr'><strong><em>A</em></strong></span> <span class='ocrx_word' id='word_1_293' title='bbox 510 3233 514 3303; x_wconf 95' lang='grc'>1</span> <span class='ocrx_word' id='word_1_294' title='bbox 534 3233 602 3286; x_wconf 91' lang='lat' dir='ltr'><strong>item</strong></span> <span class='ocrx_word' id='word_1_295' title='bbox 621 3248 645 3284; x_wconf 84' lang='lat' dir='ltr'><strong>s.</strong></span> <span class='ocrx_word' id='word_1_296' title='bbox 661 3233 689 3286; x_wconf 93' lang='lat' dir='ltr'><em>P</em></span> <span class='ocrx_word' id='word_1_297' title='bbox 711 3235 715 3300; x_wconf 98' lang='grc'>1</span> <span class='ocrx_word' id='word_1_298' title='bbox 741 3249 765 3286; x_wconf 85' lang='lat' dir='ltr'><strong>s.</strong></span> <span class='ocrx_word' id='word_1_299' title='bbox 784 3231 814 3286; x_wconf 91' lang='lat' dir='ltr'><strong>in</strong></span> <span class='ocrx_word' id='word_1_300' title='bbox 833 3247 907 3300; x_wconf 80' lang='lat' dir='ltr'><strong>equo</strong></span> <span class='ocrx_word' id='word_1_301' title='bbox 925 3231 962 3284; x_wconf 86' lang='lat' dir='ltr'><strong>od</strong></span> <span class='ocrx_word' id='word_1_302' title='bbox 980 3232 1079 3285; x_wconf 86' lang='lat' dir='ltr'><strong>terties</strong></span> 
     </span>
     <span class='ocr_line' id='line_1_34' title="bbox 75 3300 1079 3374; baseline 0 -19"><span class='ocrx_word' id='word_1_303' title='bbox 75 3300 161 3359; x_wconf 74' lang='lat' dir='ltr'><strong>hletae</strong></span> <span class='ocrx_word' id='word_1_304' title='bbox 179 3307 207 3359; x_wconf 90' lang='lat' dir='ltr'><strong><em>A</em></strong></span> <span class='ocrx_word' id='word_1_305' title='bbox 236 3307 240 3374; x_wconf 84' lang='lat'>1</span> <span class='ocrx_word' id='word_1_306' title='bbox 269 3320 358 3372; x_wconf 87' lang='lat' dir='ltr'><strong>usque</strong></span> <span class='ocrx_word' id='word_1_307' title='bbox 376 3320 426 3358; x_wconf 87' lang='lat' dir='ltr'><strong>om.</strong></span> <span class='ocrx_word' id='word_1_308' title='bbox 441 3305 469 3358; x_wconf 91' lang='lat' dir='ltr'><strong><em>P</em></strong></span> <span class='ocrx_word' id='word_1_309' title='bbox 493 3305 502 3372; x_wconf 96' lang='grc'><strong>11</strong></span> <span class='ocrx_word' id='word_1_310' title='bbox 530 3309 562 3357; x_wconf 87' lang='grc'><strong>19</strong></span> <span class='ocrx_word' id='word_1_311' title='bbox 581 3319 678 3356; x_wconf 92' lang='lat' dir='ltr'><strong>eorum</strong></span> <span class='ocrx_word' id='word_1_312' title='bbox 696 3306 723 3357; x_wconf 90' lang='lat' dir='ltr'><strong><em>A</em></strong></span> <span class='ocrx_word' id='word_1_313' title='bbox 749 3306 759 3372; x_wconf 94' lang='grc'><strong>11</strong></span> <span class='ocrx_word' id='word_1_314' title='bbox 787 3309 820 3355; x_wconf 76' lang='lat'><strong>20</strong></span> <span class='ocrx_word' id='word_1_315' title='bbox 840 3302 1012 3356; x_wconf 89' lang='lat' dir='ltr'><strong>sollemniter</strong></span> <span class='ocrx_word' id='word_1_316' title='bbox 1030 3303 1079 3356; x_wconf 84' lang='lat' dir='ltr'><strong>sd·</strong></span> 
     </span>
     <span class='ocr_line' id='line_1_35' title="bbox 76 3372 1080 3495; baseline -0.003 -65"><span class='ocrx_word' id='word_1_317' title='bbox 76 3376 186 3431; x_wconf 83' lang='lat' dir='ltr'><strong>miscens</strong></span> <span class='ocrx_word' id='word_1_318' title='bbox 210 3375 284 3430; x_wconf 79' lang='lat' dir='ltr'><strong>adde</strong></span> <span class='ocrx_word' id='word_1_319' title='bbox 303 3378 330 3429; x_wconf 91' lang='lat' dir='ltr'><strong><em>P</em></strong></span> <span class='ocrx_word' id='word_1_320' title='bbox 362 3377 366 3444; x_wconf 97' lang='grc'>1</span> <span class='ocrx_word' id='word_1_321' title='bbox 398 3374 597 3444; x_wconf 84' lang='lat' dir='ltr'><strong>tepefeotsmq.</strong></span> <span class='ocrx_word' id='word_1_322' title='bbox 617 3376 646 3428; x_wconf 95' lang='lat' dir='ltr'><strong><em>P</em></strong></span> <span class='ocrx_word' id='word_1_323' title='bbox 673 3376 683 3442; x_wconf 95' lang='grc'><strong>11</strong></span> <span class='ocrx_word' id='word_1_324' title='bbox 715 3379 747 3427; x_wconf 79' lang='lat'><strong>21</strong></span> <span class='ocrx_word' id='word_1_325' title='bbox 768 3372 895 3427; x_wconf 85' lang='lat' dir='ltr'><strong>diffunde</strong></span> <span class='ocrx_word' id='word_1_326' title='bbox 913 3374 941 3427; x_wconf 93' lang='lat' dir='ltr'><strong><em>P</em></strong></span> <span class='ocrx_word' id='word_1_327' title='bbox 957 3391 1006 3428; x_wconf 83' lang='lat' dir='ltr'><strong>om.</strong></span> <span class='ocrx_word' id='word_1_328' title='bbox 1025 3373 1080 3495; x_wconf 40' lang='lat' dir='ltr'><strong>AM</strong></span> 
     </span>
     <span class='ocr_line' id='line_1_36' title="bbox 77 3444 1059 3517; baseline 0 -21"><span class='ocrx_word' id='word_1_329' title='bbox 77 3448 105 3499; x_wconf 66' lang='lat'><strong>22</strong></span> <span class='ocrx_word' id='word_1_330' title='bbox 122 3450 155 3502; x_wconf 80' lang='lat' dir='ltr'><strong>st.</strong></span> <span class='ocrx_word' id='word_1_331' title='bbox 170 3464 211 3517; x_wconf 85' lang='lat' dir='ltr'><strong>pr.</strong></span> <span class='ocrx_word' id='word_1_332' title='bbox 227 3449 255 3501; x_wconf 92' lang='lat' dir='ltr'><strong><em>A</em></strong></span> <span class='ocrx_word' id='word_1_333' title='bbox 279 3449 283 3515; x_wconf 97' lang='grc'>1</span> <span class='ocrx_word' id='word_1_334' title='bbox 306 3446 421 3499; x_wconf 89' lang='lat' dir='ltr'><strong>iniectio</strong></span> <span class='ocrx_word' id='word_1_335' title='bbox 440 3449 467 3500; x_wconf 90' lang='lat' dir='ltr'><strong><em>A</em></strong></span> <span class='ocrx_word' id='word_1_336' title='bbox 486 3445 620 3499; x_wconf 89' lang='lat' dir='ltr'><strong>iniectum</strong></span> <span class='ocrx_word' id='word_1_337' title='bbox 638 3447 677 3499; x_wconf 85' lang='lat' dir='ltr'><strong>ed.</strong></span> <span class='ocrx_word' id='word_1_338' title='bbox 688 3462 734 3512; x_wconf 77' lang='lat' dir='ltr'><strong>pr.</strong></span> <span class='ocrx_word' id='word_1_339' title='bbox 754 3445 829 3512; x_wconf 91' lang='lat' dir='ltr'><strong>quod</strong></span> <span class='ocrx_word' id='word_1_340' title='bbox 847 3444 962 3496; x_wconf 90' lang='lat' dir='ltr'><strong>inicitur</strong></span> <span class='ocrx_word' id='word_1_341' title='bbox 981 3446 1059 3511; x_wconf 67' lang='lat' dir='ltr'><strong>Ple</strong></span> 
     </span>
     <span class='ocr_line' id='line_1_37' title="bbox 76 3513 491 3586; baseline 0 -17"><span class='ocrx_word' id='word_1_342' title='bbox 76 3513 234 3573; x_wconf 62' lang='lat' dir='ltr'><strong>mmstinum</strong></span> <span class='ocrx_word' id='word_1_343' title='bbox 251 3518 279 3571; x_wconf 97' lang='lat' dir='ltr'><strong><em>A</em></strong></span> <span class='ocrx_word' id='word_1_344' title='bbox 295 3520 298 3586; x_wconf 97' lang='grc'>1</span> <span class='ocrx_word' id='word_1_345' title='bbox 315 3517 446 3570; x_wconf 82' lang='lat' dir='ltr'><strong>decurret</strong></span> <span class='ocrx_word' id='word_1_346' title='bbox 464 3518 491 3570; x_wconf 93' lang='lat' dir='ltr'><strong><em>P</em></strong></span> 
     </span>
    </p>
   </div>
   <div class='ocr_carea' id='block_1_7' title="bbox 0 0 1260 3892">
    <p class='ocr_par' dir='ltr' id='par_1_8' title="bbox 0 0 1260 3892">
     <span class='ocr_line' id='line_1_38' title="bbox 0 0 1260 3892; baseline 0 0"><span class='ocrx_word' id='word_1_347' title='bbox 0 0 1260 3892; x_wconf 95' lang='lat' dir='ltr'><strong> </strong></span> 
     </span>
    </p>
   </div>
  </div>
 </body>
</html>
