2509 3892
422 111 562 166 MVLoM.
582 112 607 165 11
629 118 688 179 rao,
705 120 754 166 121
1032 113 1097 175 215

80 281 189 340 tundet
218 280 320 340 dolore
348 284 485 360 cogente,
518 281 697 341 intermissis
732 282 812 340 horis
841 282 1098 361 refrigerationem

80 372 174 429 sentit
197 373 228 428 et
244 370 385 445 requiem.
433 370 498 429 Huc
515 372 633 429 ratione
651 368 799 430 curandus
818 374 875 430 est:
899 374 989 445 acori,
1012 371 1099 444 anisi,

79 461 261 535 opopanacis
285 460 417 538 singulas
439 459 532 518 libras
554 460 670 535 pariter
692 460 854 519 contundes
878 463 1039 534 etaemus,
1064 479 1099 519 ex
1123 450 1128 513 s

80 568 139 623 quo
164 549 288 624 pulvere
310 548 369 608 duo
393 550 538 609 coclearia
560 549 592 606 in
615 551 680 607 vini
701 548 811 608 veteris
834 552 964 608 sextario
987 552 1018 608 et
1041 550 1099 608 olei

10 711 11 714 Ἴ
55 637 180 713 spondo
204 639 292 697 semis
314 639 433 712 misces,
457 641 488 697 et
510 638 645 714 tepidum
668 657 721 714 per
749 657 780 697 os
803 638 888 699 dabis
911 638 1019 696 triduo.
1066 638 1132 697 Sia

80 727 224 801 strophus
243 728 351 786 fortior
369 728 460 786 fuerit
483 730 513 785 et
530 747 590 786 non
609 729 684 785 facit
704 732 846 801 ventrem,
870 728 996 786 caudam
1018 728 1099 786 intra

78 834 168 875 coxas
193 815 288 875 mittit
312 816 402 874 etad
426 819 559 875 ventrem
587 835 674 896 suum
698 835 856 876 conversus
880 816 1021 876 attendit:
1050 819 1099 874 oui

77 907 234 980 pulverem
253 905 290 963 (le
308 906 419 964 semine
437 909 523 964 rutae
538 907 693 964 silvaticae
713 924 780 964 cum
793 906 863 964 vino
882 925 936 981 per
954 924 986 964 os
1004 905 1097 964 dabis.

78 993 240 1053 Praeterea
268 1013 357 1070 cepas
380 995 407 1052 X
430 995 553 1069 deteris,
580 995 653 1054 ficus
683 997 775 1054 siccas
803 1014 898 1070 scrup.
918 993 1001 1068 VIII,
1026 995 1098 1053 uitri

43 1108 65 1143 ro
78 1101 175 1159 scrup.
201 1084 237 1157 V,
265 1085 404 1143 stercoris
438 1084 601 1144 columbini
635 1102 731 1158 scrup.
757 1083 810 1156 IV,
840 1104 875 1141 er
910 1083 1017 1159 quibus
1047 1083 1097 1141 ad-

78 1172 143 1231 dita
172 1192 297 1232 amurca
327 1173 452 1248 collyria
482 1174 574 1232 facies
601 1177 632 1231 et
661 1173 733 1231 bina
760 1174 809 1231 vel
837 1175 924 1231 terna
952 1175 986 1231 in
1008 1192 1098 1231 anum

76 1264 192 1321 mittes.
239 1262 273 1319 Si
295 1281 365 1321 vero
393 1263 500 1322 fortius
528 1265 634 1321 venter
659 1261 858 1336 induraverit,
886 1264 1024 1321 convenit
1047 1262 1131 1320 acl-3

76 1351 182 1410 hibere
212 1350 400 1426 clysterium,
434 1352 485 1411 sed
515 1353 598 1427 prius
632 1355 767 1411 ventrem
797 1370 876 1426 aqua
906 1351 1004 1409 calida
1032 1370 1097 1426 per-

77 1440 208 1514 fovebis,
235 1443 308 1498 tunc
332 1459 433 1499 sucum
463 1441 611 1514 cantabri,
634 1442 667 1498 in
696 1460 755 1517 quo
779 1441 892 1499 fuerint
914 1441 1000 1499 betae
1023 1442 1097 1498 mal-

41 1549 196 1606 raraeque
219 1529 371 1604 decoctae,
399 1549 466 1588 cum
489 1532 569 1589 nitro
595 1534 625 1588 et
645 1530 767 1592 bomine
795 1530 854 1588 olei
878 1532 908 1588 et
930 1528 1098 1606 palumbini

76 1620 219 1679 stercoris
238 1617 282 1675 IV
301 1619 462 1694 scrupulis3
486 1639 612 1695 pronum
631 1621 793 1679 constitues
813 1622 843 1678 et
860 1638 914 1695 per
933 1639 1021 1677 anum
1040 1620 1097 1676 ini-

78 1708 137 1767 cies
156 1709 293 1766 iumento
311 1710 356 1767 ita
380 1711 415 1766 ut
432 1711 502 1783 post
524 1708 682 1784 clysterem
707 1708 879 1766 deambulet
901 1709 1096 1783 aliquantum.

76 1799 137 1856 Alii
164 1797 202 1856 de
226 1796 296 1856 fimo
319 1798 428 1872 leporis
452 1816 520 1856 cum
536 1817 644 1856 novem
668 1798 850 1857 coclearibus
868 1799 966 1857 mellis
990 1801 1020 1856 et
1041 1797 1097 1854 XV

75 1889 182 1963 granis
205 1887 318 1962 piperis
346 1886 448 1945 addito
473 1888 603 1946 caulium
631 1904 700 1944 suco
728 1905 782 1962 per
810 1906 841 1945 os
865 1887 1026 1946 salubriter
1048 1886 1097 1944 de·

75 1977 218 2035 fundunt.

131 2154 165 2272 35
186 2145 244 2199 Pel.
261 2163 283 2199 c.
301 2152 359 2198 130.
425 2146 516 2199 9Pel.
532 2162 555 2200 c.
573 2152 631 2199 131.
699 2151 731 2198 12
751 2146 808 2199 Pel.
824 2163 846 2199 c.
864 2152 922 2199 132.
987 2152 1019 2199 18
1039 2146 1096 2200 Pel.

74 2226 128 2271 ol
151 2226 178 2271 b.

149 2367 164 2414 1
187 2361 334 2415 emissores
353 2359 417 2413 retr.
434 2361 459 2413 L
476 2363 479 2429 1
495 2358 694 2429 refrigeratum
713 2362 740 2414 A
759 2362 767 2429 ΙΙ
789 2365 804 2412 1
823 2360 939 2428 potione
958 2359 998 2413 ed.
1010 2375 1054 2427 pr.
1070 2360 1098 2413 A

75 2433 158 2486 cuius
171 2432 243 2485 haec
258 2434 302 2485 est
315 2448 383 2485 cura
393 2434 420 2485 P
431 2434 440 2501 11
455 2436 471 2483 3
485 2433 544 2484 tere
555 2433 584 2484 et
597 2430 690 2484 cribra
700 2432 727 2483 P
738 2434 748 2500 ΙΙ
762 2438 778 2484 4
794 2434 822 2485 et
836 2429 891 2484 olei
906 2431 1000 2500 pondo
1010 2447 1060 2484 om.
1073 2431 1100 2483 P

75 2507 104 2558 et
118 2522 144 2558 o.
160 2503 237 2557 libra
253 2520 289 2556 11.
305 2504 331 2556 L
344 2504 384 2571 1Ιό
404 2502 543 2556 admisces
557 2504 596 2556 cd.
610 2520 653 2569 pr.
670 2503 731 2557 AP
741 2504 751 2570 ΙΙ
765 2508 781 2554 6
796 2502 820 2555 si
840 2502 1002 2571 strophosus
1017 2502 1097 2572 (stro-

74 2575 150 2645 phus
165 2576 235 2643 LE.
248 2573 335 2627 fuerit
349 2575 389 2629 ed.
396 2591 440 2643 pr.
457 2575 549 2628 ALP
560 2590 627 2627 corr.
639 2574 720 2629 Scbo.
735 2575 769 2640 cf.
786 2575 842 2628 Pel.
860 2576 864 2642 Ι
881 2577 909 2627 et
923 2590 979 2627 non
993 2572 1098 2627 emittit

74 2651 203 2701 stercora
222 2649 252 2698 et
269 2663 292 2698 c.
309 2646 336 2698 P
354 2648 357 2713 Ι
378 2646 453 2700 inter
470 2646 510 2699 ed.
521 2662 566 2714 pr.
582 2648 643 2699 ΑΡ
659 2648 668 2714 tt
688 2650 701 2697 7
723 2662 745 2699 c.
761 2661 826 2699 suas
845 2664 881 2698 m.
896 2646 936 2699 cd.
946 2663 991 2714 pr.
1007 2647 1053 2713 ΡΙ
1069 2648 1111 2699 11

74 2736 125 2773 ooo.
143 2719 190 2785 ΡΙ
208 2733 290 2770 suum
309 2715 447 2771 convertit
465 2718 493 2770 P
509 2732 539 2769 se
559 2734 581 2770 o.
597 2718 654 2771 Pel.
678 2719 687 2786 11
710 2722 726 2769 8
744 2735 772 2786 p.
788 2717 903 2771 seminis
921 2735 942 2770 r.
963 2717 1098 2770 silvestris

74 2792 133 2858 Pl
159 2795 175 2842 9
196 2788 300 2843 deteris
319 2790 378 2842 AL
396 2791 456 2841 tere
475 2790 504 2842 P
518 2790 626 2842 veteres
645 2788 685 2841 ed.
696 2806 742 2857 pr.
777 2790 781 2859 1
816 2789 907 2843 siccae
925 2789 965 2843 ed.
977 2806 1021 2857 pr.
1040 2787 1060 2840 f.
1076 2805 1095 2840 s.

73 2878 139 2916 unc.
155 2859 195 2912 IV
211 2860 239 2913 P
253 2862 263 2929 ΙΙ
282 2865 315 2914 10
333 2860 393 2912 fimi
411 2876 435 2913 c.
451 2861 479 2913 P
495 2863 505 2928 ΙΙ
528 2865 560 2912 11
581 2874 695 2912 amurca
710 2862 738 2914 P
754 2860 845 2913 muria
860 2862 886 2914 L
899 2859 981 2913 urina
999 2859 1040 2913 ecl.
1051 2876 1096 2928 pr.

75 2939 102 2987 A
134 2936 145 3001 b
180 2936 213 2984 12
233 2931 368 2984 immittes
387 2932 427 2984 cd.
439 2947 483 2999 pr.
504 2930 568 2984 vino
586 2930 631 2984 vel
655 2933 750 2984 ternas
769 2947 868 2985 manus
886 2931 977 2985 mittit
994 2932 1022 2984 A
1041 2931 1097 2984 duo

74 3004 119 3057 vel
139 3003 198 3056 tria
217 3017 303 3055 mauu
320 3017 371 3070 per
389 3002 546 3071 posteriora
563 3002 646 3055 mitte
661 3004 689 3055 P
709 3004 713 3070 1
736 3002 863 3055 indumit
881 3004 921 3056 cd.
933 3020 978 3070 pr.
998 3001 1098 3056 ruerit

75 3077 102 3129 P
119 3073 210 3128 ·ravit
229 3077 254 3126 A
276 3077 286 3142 11
305 3079 338 3127 13
358 3073 479 3142 clystere
497 3075 558 3128 AP
578 3076 587 3142 ΙΙ
611 3079 645 3126 14
664 3072 858 3127 cantabricum
876 3074 906 3126 in
925 3090 981 3142 quo
999 3074 1040 3127 col.
1051 3091 1096 3142 pr.

75 3145 209 3200 cantabri
228 3162 291 3198 cum
310 3160 366 3213 qua
386 3148 411 3198 A
432 3145 560 3198 cantabri
579 3145 607 3197 in
628 3160 703 3212 aqua
722 3161 785 3198 oum
805 3161 861 3213 qua
876 3146 902 3198 L
920 3143 1048 3198 cantabri
1067 3146 1097 3197 in

76 3233 155 3286 aqua
174 3216 347 3270 decoctionis
365 3215 392 3270 b.
412 3218 441 3269 et
458 3235 495 3269 m.
510 3218 538 3270 P
579 3223 582 3271 1
626 3216 720 3269 hletae
738 3218 810 3286 culp.
830 3216 887 3270 vite
907 3215 1025 3283 albeque
1044 3216 1070 3269 L
1088 3215 1098 3288 ΙΙ

76 3295 109 3341 15
130 3293 162 3344 et
179 3306 230 3341 111,
246 3289 272 3346 L
289 3290 293 3356 Ι
309 3286 463 3341 columbini
482 3290 509 3342 P
521 3289 561 3341 ecl.
572 3306 617 3356 pr.
637 3290 646 3356 ss
667 3294 698 3340 lt
718 3304 823 3355 pronus
842 3288 869 3340 A
895 3289 899 3356 Ι
924 3286 1096 3340 constituens

75 3359 197 3414 animali
215 3376 267 3427 per
284 3375 309 3412 a.
328 3358 428 3413 inicies
449 3361 579 3426 (lucram)
598 3361 632 3413 ut
649 3360 677 3413 P
702 3361 712 3428 ΙΙ
745 3364 776 3411 17
796 3357 955 3412 inambulat
973 3358 1012 3412 ecl.
1024 3374 1069 3426 pr.
1091 3359 1094 3424 1

76 3431 288 3499 aliquantulum
307 3432 347 3485 ed.
359 3449 404 3500 pr.
419 3432 447 3485 A
460 3432 575 3500 (11111311
596 3437 628 3483 18
649 3429 698 3483 alii
716 3430 813 3482 fimum
831 3430 871 3482 cd.
884 3447 928 3496 pr.
948 3445 973 3481 a.
992 3428 1051 3480 11111
1069 3431 1096 3483 A

77 3518 101 3556 a.
118 3503 217 3556 fenum
231 3504 277 3571 ΡΙ
294 3501 345 3554 XV
359 3519 410 3556 our.
422 3503 447 3555 L
461 3505 470 3570 Η
486 3507 518 3555 19
533 3501 704 3554 defoderunt
718 3502 744 3554 L
759 3499 920 3553 diffundunt
935 3501 961 3552 A
976 3499 1059 3552 -dant
1071 3501 1097 3554 P
