2509 3892
130 149 197 213 310
325 147 474 203 GARGILI
491 147 690 205 Matrinus
710 145 831 201 OVRAE
850 146 955 201 BOVM

129 321 162 377 in
180 318 273 378 ollam
290 319 448 394 integram,
472 319 536 377 sine
555 318 698 392 quiescat.
735 317 814 375 Dein
833 317 1073 392 superindicate,
1099 319 1156 391 qui

98 421 101 430 '
129 410 159 466 et
181 409 256 468 trita
279 410 375 482 erunt,
397 409 428 465 'et
451 425 527 482 quae
545 407 651 479 soleta,
673 405 757 464 adite
776 405 920 479 bitumen,
943 406 1040 464 sulfur
1062 407 1154 484 nigro

129 500 159 556 et
181 498 226 556 ita
248 495 382 571 infunde,
405 494 458 554 sed
481 494 641 573 diligenter
663 513 781 570 aeques,
804 514 842 553 ne
865 496 989 567 ferveat,
1013 495 1066 553 sed
1089 495 1155 553 leni

127 587 193 663 igni
215 586 264 645 vel
283 584 460 643 carbonibus
484 585 643 643 ealefacito
662 587 693 643 et
709 602 845 643 removes
864 583 902 642 ab
920 585 990 661 igne
1013 586 1045 642 et
1068 583 1153 642 solas

128 694 163 734 aa
185 674 350 733 resolutum
376 675 459 750 prius
490 675 574 733 seete
603 672 790 732 admiscebis.
835 672 901 732 Ηοο
930 672 1153 732 medicamento
1183 696 1197 737 s

127 765 291 841 perunguis
314 765 448 822 iumenta
467 762 591 821 alternis
611 762 716 821 diebus
739 781 777 821 ne
800 762 868 838 plus
887 761 934 821 bis
958 764 1011 822 aut
1034 764 1153 836 quater.

71 855 111 911 10
127 852 179 911 Ad
197 854 354 929 pituitas
374 853 453 911 anisi
470 870 535 910 une.
555 851 610 926 III,
633 852 783 911 benetoris
801 849 888 909 dabis
907 870 975 909 eum
993 852 1065 909 vino
1083 869 1151 926 per·

126 944 235 1003 mixtos
254 944 357 1017 ayatos
376 940 420 1000 VI
443 940 481 999 ad
500 960 632 1000 cornum
674 941 720 1000 Ex
737 958 796 1016 quo
815 940 1032 999 medicamento
1056 942 1154 998 etiam

126 1051 179 1107 per
201 1033 356 1090 sinistram
377 1050 481 1089 narem
504 1029 578 1089 duas
603 1029 743 1107 dragmas
766 1028 910 1088 infundis.
950 1028 1029 1088 Item
1052 1028 1152 1097 aliudz

128 1122 266 1180 stercoris
289 1119 410 1179 serofini
432 1120 587 1196 pulverem
610 1117 774 1177 contritum
794 1118 1013 1195 diligenterque
1036 1118 1194 1183 cribra-1⁰

127 1212 193 1267 tum
215 1209 348 1267 studiose
371 1208 518 1283 servabiS,
542 1210 577 1267 ut
599 1209 626 1266 si
649 1208 768 1283 quando
791 1209 926 1266 iumento
950 1208 1064 1284 pituita
1086 1227 1152 1266 mo-

127 1299 203 1357 leste
226 1300 298 1372 erit,
321 1316 356 1355 ex
379 1298 513 1357 conferto
536 1298 659 1373 pulvere
684 1316 751 1356 eum
773 1298 845 1355 vino
868 1298 977 1370 veteri,
1003 1299 1154 1371 quantum

126 1387 246 1447 videtur
267 1405 356 1464 posse
378 1382 525 1459 sufficere,
556 1405 610 1462 per
641 1405 763 1445 uernum
786 1385 911 1460 deicias,
940 1388 971 1444 et
993 1385 1154 1444 sanabitur

71 1478 113 1536 20
128 1478 240 1536 statim.
276 1475 330 1534 Ad
353 1475 607 1553 stranguriam.
645 1474 679 1533 Si
697 1473 778 1551 quod
799 1476 966 1533 iumentum
990 1473 1155 1534 cuiuslibet

127 1567 244 1642 generis
272 1564 475 1641 stranguriam
504 1566 635 1640 patitur,
665 1563 701 1622 de
730 1565 853 1623 sinistra
882 1565 1001 1622 maniea
1028 1564 1152 1622 tunicae
1168 1589 1195 1630 η

126 1654 306 1731 peduculum
320 1655 424 1712 eximis
444 1672 570 1728 eumque
588 1655 621 1711 in
636 1672 739 1712 aurem
758 1656 828 1728 equi
842 1655 997 1711 sinistram
1008 1654 1152 1726 conicias,

128 1744 267 1804 continuo
291 1742 419 1801 sanabis.
463 1741 522 1801 Sed
539 1759 607 1801 eum
625 1741 682 1801 hoe
701 1742 802 1815 facies,
825 1742 1007 1818 peduculum
1027 1743 1152 1800 omnino

70 1834 186 1891 2ln0n
215 1834 358 1890 nomines.
408 1830 462 1889 Ad
490 1850 645 1890 morsum
675 1833 786 1890 muris
820 1833 953 1890 aranei.
1006 1828 1040 1889 si
1072 1831 1154 1905 quod

127 1924 294 1980 iumentum
315 1939 382 1979 mus
406 1939 509 1979 saeuus
533 1919 690 1995 morderit,
715 1923 833 1979 acetum
858 1938 959 1978 aerum
983 1920 1059 1978 bene
1083 1939 1153 1978 cum

20 2060 23 2066 ,
127 2010 226 2070 orbita
252 2008 403 2069 infundite
431 2011 462 2069 et
490 2009 660 2086 consubigis
689 2010 720 2067 et
747 2011 790 2068 sie
817 2008 914 2081 tellis,
943 2010 974 2067 et
1000 2008 1071 2067 inde
1096 2027 1154 2067 ann
1168 2035 1196 2075 ω

126 2101 223 2160 ferrea
246 2118 378 2159 morsum
400 2098 475 2158 bene
494 2099 687 2175 compungito
713 2099 742 2155 et
766 2116 857 2173 supra
876 2096 958 2156 dieta
976 2100 1059 2157 terra
1082 2116 1153 2156 eon·

127 2189 242 2249 fricato.
284 2188 349 2248 Ηο0
371 2207 426 2264 per
448 2187 581 2246 triduum
604 2188 712 2261 facito,
741 2189 771 2245 et
799 2205 892 2245 cornu
915 2186 1035 2246 cerrino
1059 2187 1153 2246 suffu-

70 2279 249 2356 22migat0.
291 2277 343 2338 Ad
370 2295 507 2338 vermes
535 2269 714 2336 necandos
743 2276 846 2334 scillae
874 2294 978 2334 sucum
1000 2275 1154 2335 instillato

71 2369 111 2426 23
127 2373 157 2426 et
180 2371 245 2445 piae
268 2367 384 2443 liquida
412 2366 538 2444 tangito.
583 2364 637 2423 Ad
662 2364 770 2441 pedes
799 2366 961 2423 attritos.
1002 2364 1155 2424 Bovessi

126 2458 215 2533 pedes
241 2456 427 2529 adtriverint,
450 2456 627 2531 priusquam
650 2456 683 2513 in
701 2456 784 2513 viam
806 2456 920 2527 mittas,
944 2454 1009 2528 pice
1033 2453 1153 2529 liquida
1168 2479 1194 2520 ss

127 2565 238 2605 cornua
259 2546 447 2622 perunguito.
493 2543 646 2602 Famieem
669 2545 696 2603 si
717 2543 808 2603 boves
831 2542 1007 2615 habuerint,
1035 2543 1099 2600 sale
1122 2545 1154 2600 et

128 2638 211 2693 aceto
230 2634 391 2711 diligenter
404 2633 507 2707 eluite,
525 2651 599 2708 pesa
614 2635 692 2691 aeris
706 2632 761 2692 flos
776 2631 939 2692 contritum
956 2632 1154 2690 commixtum

128 2741 196 2780 eum
219 2724 348 2800 axungia
372 2723 421 2782 vel
445 2723 576 2781 alumine
599 2722 663 2780 solo
686 2722 735 2780 vel
753 2721 835 2798 galla
858 2739 926 2779 eum
949 2719 1092 2779 alumine.

200 2872 359 2928 1401.Ρο1.
380 2891 402 2927 0.
420 2880 478 2928 1⁴22.
572 2878 604 2927 18
624 2871 659 2928 01.
676 2870 749 2926 chit.
774 2890 797 2927 0.
814 2876 873 2926 508.
911 2869 984 2924 Plin.
1004 2873 1064 2925 nat.
1084 2871 1152 2926 hist.

129 2950 171 3012 29,
187 2950 220 2999 80
240 2947 284 3014 (=
299 2945 372 2999 med.
387 2963 414 3014 p.
432 2950 491 3012 109,
508 2950 523 2997 6
542 2943 634 3014 Reae).
709 2951 743 2998 24
763 2943 832 2998 Cato
851 2959 910 3014 agr.
927 2948 968 2999 72.

200 3094 213 3141 1
235 3103 319 3156 super
342 3086 458 3140 infriata
486 3102 558 3154 quae
584 3086 654 3140 trita
680 3089 764 3141 amnt
791 3088 819 3140 et
847 3101 920 3154 quae
948 3084 1042 3140 solida
1060 3085 1154 3168 ‘edice

128 3211 318 3281 Setoettqeaue
335 3213 345 3279 11
364 3216 379 3263 3
398 3209 462 3264 lene
472 3210 498 3263 L
512 3211 522 3278 11
536 3215 553 3262 4
567 3174 694 3264 remobes
705 3211 732 3265 L
745 3213 754 3279 1
770 3215 785 3263 7
800 3209 903 3264 anisnis
913 3210 948 3264 L.
963 3226 1033 3266 corr.
1046 3210 1130 3266 Gan.
1148 3211 1152 3281 1

127 3281 199 3336 bene
224 3282 293 3335 teris
317 3282 447 3351 Seloetty.
466 3281 530 3347 fort.
556 3280 659 3334 veteris
685 3280 767 3334 dabis
791 3297 855 3335 eum
881 3282 945 3335 vino
968 3281 1126 3351 permixtas
1144 3281 1155 3353 11

131 3357 163 3405 10
177 3352 291 3405 serufini
307 3352 405 3421 1120
422 3368 486 3404 eum
502 3351 610 3421 subigis
623 3350 649 3403 L
662 3353 672 3420 11
686 3356 720 3404 23
738 3367 816 3405 sume
837 3353 946 3419 (1101000
963 3353 1028 3418 del.)
1046 3352 1155 3420 scyllae

135 3439 156 3481 τ.
183 3441 192 3511 1
213 3437 470 3508 1110101000.
498 3441 507 3507 l
540 3444 573 3492 aa
593 3437 729 3493 suumne
748 3440 783 3494 a.
816 3423 1026 3494 arsissent
1044 3440 1155 3495 anns

211 3516 312 3582 ‘iffi
330 3529 431 3583 eubaea
447 3527 473 3581 L
