2509 3892
130 148 196 213 310
324 147 473 203 GARGILI
491 147 690 204 neamus
709 145 830 201 CVRAE
849 146 954 200 BOVM

128 320 161 377 in
179 317 272 377 ollam
289 317 448 393 integram,
471 319 535 376 sine
555 317 697 392 quiescat.
734 317 814 375 Dein
832 317 1073 392 superindicate,
1099 319 1156 392 qui

98 420 101 429 '
129 410 159 466 et
181 409 255 466 trita
279 409 374 481 erunt,
397 409 428 465 et
451 425 527 481 quae
544 406 650 479 soleta,
673 405 757 464 adice
775 405 919 478 bitumen,
943 405 1039 465 sulfur
1062 407 1154 483 nigro

129 498 226 555 etita
248 495 382 571 infunde,
405 494 457 554 sed
480 494 641 573 diligenter
663 513 781 570 coques,
804 513 841 553 ne
864 495 988 567 ferveat,
1012 495 1066 553 sed
1089 495 1155 553 leni

127 586 193 663 igni
215 585 264 644 vel
282 583 460 643 carbonibus
484 585 643 643 calefacito
662 587 692 643 et
709 602 844 643 removes
863 582 901 642 ab
919 585 989 661 igne
1013 586 1044 641 et
1068 583 1153 643 colas

128 693 162 733 ac
184 674 350 733 resolutum
376 675 459 749 prius
490 675 574 733 aceto
602 672 789 732 admiscebis.
835 672 901 731 Hoc
929 672 1154 731 medicamento
1184 696 1199 737 5

127 764 291 840 perunguis
313 764 448 821 iumenta
466 762 591 821 alterms
610 762 715 821 diebrm
738 781 776 821 ne
799 762 868 838 plus
887 761 933 821 bis
957 764 1011 822 aut
1033 764 1154 836 quater.

71 855 110 912 19
127 852 179 911 Ad
197 854 355 929 pituitas
374 853 453 911 anisi
470 869 535 910 unc.
554 850 610 925 III,
633 852 782 910 benetoris
801 849 887 908 dabis
906 869 975 909 cum
992 852 1064 909 vino
1082 869 1153 925 per·

126 944 235 1002 mixtos
254 944 357 1017 cyatos
376 940 420 999 VI
443 939 481 999 ad
500 960 631 999 cornum.
673 940 719 998 Ex
737 958 796 1015 quo
815 939 1031 998 medicamento
1056 942 1155 998 etiam

126 1051 178 1108 per
201 1033 356 1090 sinistram
377 1049 481 1088 narem
504 1029 578 1088 duas
602 1028 743 1106 dragmas
765 1028 909 1088 infundis.
950 1028 1028 1087 Item
1052 1028 1154 1097 aliud:

128 1122 265 1180 stercoris
290 1118 410 1178 serotini
431 1119 586 1195 pulverem
608 1115 773 1177 contritum
794 1117 1012 1194 diligenterque
1036 1117 1197 1182 cribra-10

126 1212 192 1268 tum
215 1209 347 1268 studiose
371 1207 518 1282 servabis,
541 1209 576 1266 ut
599 1209 626 1266 si
649 1206 768 1283 quando
791 1208 926 1265 iumento
949 1207 1064 1282 pituita
1085 1225 1154 1265 mo-

126 1298 203 1357 lesta
226 1300 297 1372 erit,
321 1316 356 1355 ex
379 1297 513 1356 confecto
536 1297 659 1373 pulvere
683 1315 751 1356 cum
773 1298 844 1355 vino
867 1297 977 1370 veteri,
1002 1298 1155 1370 quantum

126 1388 245 1447 videtur
267 1405 355 1463 posse
378 1381 525 1459 sufficere,
556 1404 610 1461 por
641 1404 763 1444 cornum
786 1385 911 1459 deicias,
940 1387 970 1443 et
993 1384 1156 1443 sanabitur

71 1478 112 1536 20
128 1479 240 1536 statim.
276 1474 330 1533 Ad
353 1474 607 1552 stranguriam.
645 1473 679 1531 Si
697 1474 776 1550 quod
799 1475 967 1532 iumentum
989 1473 1156 1533 cuiuslibet

126 1567 244 1642 generis
272 1564 475 1641 stranguriam
504 1565 634 1640 patitur,
664 1563 701 1621 de
729 1565 853 1622 sinistra
881 1565 1001 1621 manica
1028 1563 1153 1622 tunicae
1170 1588 1198 1629 15

126 1653 305 1729 peduculum
320 1655 424 1712 eximis
444 1672 570 1728 eumque
588 1654 621 1710 in
636 1671 739 1711 aurem
757 1654 827 1727 equi
842 1654 996 1711 sinistram
1008 1653 1154 1726 conicias,

127 1743 267 1801 continuo
291 1741 419 1801 sanabis.
462 1741 521 1801 Sed
539 1759 606 1800 cum
624 1741 681 1800 hoo
700 1743 802 1814 facies,
825 1740 1006 1816 peduculum
1027 1742 1154 1800 omnino

70 1833 108 1889 21
126 1850 186 1890 non
215 1833 357 1889 nomines.
407 1830 462 1888 Ad
489 1849 646 1890 morsum
674 1833 786 1890 muris
819 1832 952 1889 aranei.
1006 1828 1040 1888 Si
1071 1830 1155 1905 quod

126 1923 293 1980 iumentum
315 1938 382 1978 mus
405 1938 509 1979 caecus
533 1918 690 1995 mordent,
714 1921 832 1978 acetum
857 1937 959 1978 sorum
982 1919 1059 1977 bene
1082 1938 1154 1978 cum

20 2059 22 2065 .
127 2010 225 2069 orbita
251 2008 402 2068 infundito
430 2011 461 2068 et
489 2008 660 2085 consubigis
689 2009 720 2066 et
746 2011 790 2067 sic
816 2008 913 2081 tellis,
943 2010 974 2066 et
1000 2008 1070 2067 inde
1094 2027 1154 2067 acu
1169 2036 1200 2076 ω

127 2100 223 2158 ferrea
246 2117 378 2158 morsum
400 2097 475 2157 bene
493 2099 687 2174 compungito
713 2099 742 2155 et
765 2116 856 2173 supra
875 2096 957 2155 dicta
975 2100 1058 2157 terra
1081 2116 1154 2156 con·

126 2188 242 2248 fucato.
284 2187 349 2247 Hoc
371 2186 581 2263 pertriduum
605 2188 712 2260 facito,
740 2189 771 2244 et
798 2205 891 2244 cornu
914 2185 1035 2245 cervino
1059 2186 1154 2245 suffu-

70 2277 248 2355 iimigato.
290 2277 343 2337 Ad
370 2294 507 2336 vermes
535 2267 714 2335 necandos
743 2275 846 2333 scillae
874 2293 978 2333 sucum
1000 2274 1155 2334 instillato

71 2367 111 2424 23
127 2371 157 2425 et
180 2369 245 2443 pice
267 2365 384 2441 liquida
411 2365 537 2442 tangito.
583 2362 637 2422 Ad
662 2363 770 2440 pedes
799 2366 960 2423 attritos
1003 2363 1102 2423 Boves
1128 2366 1156 2423 si

126 2456 215 2531 pedes
241 2454 427 2527 adtriverint,
450 2455 627 2529 priusquam
650 2455 683 2511 in
701 2455 783 2512 viam
806 2455 919 2528 mittaS,
943 2454 1010 2528 pice
1032 2452 1155 2528 liquida
1170 2479 1198 2520 η

127 2563 237 2603 cornua
259 2545 447 2621 perunguitc.
493 2542 646 2602 Famicem
669 2544 696 2601 si
718 2542 808 2601 boves
831 2541 1006 2614 habuerint,
1034 2542 1097 2600 sale
1122 2545 1156 2600 et

128 2635 211 2691 aceto
230 2632 390 2709 diligenter
405 2632 506 2706 eluite,
525 2650 599 2707 posa
614 2634 692 2691 aeris
707 2631 760 2691 flos
776 2630 939 2689 contritum
956 2632 1156 2690 commixtum

128 2740 195 2780 cum
219 2723 348 2798 axungia
371 2721 421 2781 vel
445 2720 576 2780 alumine
599 2722 663 2780 solo
686 2721 734 2780 val
753 2720 835 2798 galla
859 2738 926 2779 cum
949 2719 1091 2779 alumine.

200 2879 232 2927 14
252 2871 287 2926 cf.
301 2871 359 2928 Pel.
379 2890 402 2927 c.
420 2878 478 2927 1⁶22.
572 2877 604 2925 18
625 2870 659 2927 of.
676 2869 749 2925 chit.
774 2889 797 2926 c.
814 2876 873 2925 508.
911 2869 984 2923 Plin.
1004 2873 1064 2925 nat.
1084 2870 1153 2926 hist.

128 2950 170 3012 29,
186 2949 219 2999 89
239 2947 283 3014 (=
298 2944 372 3000 med.
387 2962 414 3013 p.
432 2948 491 3012 109,
507 2949 523 2997 6
542 2942 635 3013 Rose).
709 2949 743 2996 24
763 2942 831 2997 Cato
851 2958 910 3013 agr.
927 2947 968 2995 72.

200 3094 318 3156 lsuper
342 3087 457 3141 infriato
486 3102 558 3155 quae
583 3085 654 3141 trita
681 3087 764 3139 erunt
791 3087 819 3140 et
847 3100 920 3153 queo
948 3083 1042 3139 solida
1061 3085 1157 3166 ‘adice

127 3212 318 3282 Sehoecpenas
335 3214 344 3280 ΙΙ
363 3217 378 3264 3
398 3210 461 3264 lene
471 3209 498 3263 L
511 3212 521 3279 Η
535 3215 552 3262 4
566 3173 695 3264 remolrss
705 3210 732 3264 L
745 3212 755 3279 ll
770 3214 785 3263 7
800 3208 903 3264 aniscis
913 3208 948 3262 L.
963 3225 1032 3264 corr.
1046 3209 1132 3265 Gaea.
1151 3210 1156 3282 l

126 3282 199 3337 bene
224 3282 293 3335 teris
316 3283 446 3352 Schoetty.
466 3282 529 3347 fort.
556 3280 658 3335 veteris
685 3280 767 3334 dabis
792 3297 856 3334 cum
880 3280 945 3335 vino
967 3280 1128 3351 permixtas
1147 3281 1158 3352 ll

130 3357 163 3406 10
177 3352 291 3406 scrutini
307 3353 333 3405 L
346 3356 356 3421 u
370 3357 404 3405 20
421 3369 485 3406 cum
501 3351 610 3422 subigis
622 3351 649 3405 L
662 3354 672 3421 ΙΙ
686 3357 720 3405 23
738 3368 816 3407 sume
837 3353 946 3419 (deinde
963 3352 1028 3419 del.)
1047 3352 1158 3421 scyllae

128 3440 155 3495 s
182 3444 192 3511 q
213 3437 371 3523 ‘esposse
389 3439 469 3496 saa.
496 3442 506 3509 q
539 3445 572 3494 se
592 3439 729 3495 aliumne
747 3441 783 3495 s.
816 3424 1027 3495 mcusnoav
1045 3441 1159 3496 savis

130 3526 311 3582 uvnouno
329 3527 430 3582 ausa.
446 3528 472 3582 s
