2509 3892
185 155 252 217 224
626 155 762 209 VEGETI

183 327 305 399 potione
323 327 508 382 recreantur:
528 323 563 381 de
582 325 714 382 masculo
733 324 855 402 pinguis
872 325 1012 401 porcinus
1030 344 1098 384 acro
1115 325 1186 384 deco-

185 413 301 488 quitur,
335 411 427 471 donec
460 415 556 471 omnis
590 432 660 471 caro
690 414 841 488 solvatur,
876 414 1060 490 abiectisque
1089 413 1188 473 ossibus

183 502 330 560 universis
354 521 423 559 cum
445 502 518 575 iure,
540 502 573 559 in
597 521 656 577 quo
675 502 874 577 deterruerat,
897 506 927 562 et
947 503 1044 563 tribus
1066 504 1189 563 sextariis

184 591 265 666 passi
289 593 320 649 et
348 593 478 649 sextario
508 592 646 666 ptisanae
673 610 775 650 rursus
804 594 838 650 in
865 592 1024 652 caccabum
1051 594 1190 665 mittetur,

185 681 278 756 glutis
308 683 446 739 taurinae
474 683 638 755 semuncia,
669 682 748 739 aceti
770 683 907 740 acerrimi
936 681 1062 740 dimidia
1084 681 1216 741 heminae

185 769 407 846 coniunguntur
436 772 467 826 et
495 771 626 839 fervent,
658 773 694 828 ut
724 771 832 845 chylon
866 771 989 829 faciant.
1042 770 1190 830 lbacantbi

185 877 250 917 unc.
269 859 329 933 III,
357 859 414 916 lini
436 859 557 918 seminis
579 862 610 918 et
637 860 719 917 faeni
742 858 848 919 Graeci
869 879 936 919 unc.
959 860 1096 938 singulae
1119 860 1188 918 deco

185 951 319 1023 quuntur
342 950 524 1007 extrinsecus
547 952 578 1007 et
595 951 748 1022 teruntur3
767 948 911 1027 adiunges
937 950 1028 1008 etiam
1054 949 1189 1007 medullae

185 1038 321 1095 cervinae
344 1041 375 1094 et
397 1040 461 1095 sevi
483 1037 593 1096 hircini
617 1056 682 1096 unc.
701 1037 755 1096 HI.
802 1037 884 1106 Quae
912 1038 951 1096 ad
973 1038 1115 1096 ultimum
1135 1057 1188 1098 cun

185 1126 286 1184 omnia
304 1128 418 1201 pariter
436 1127 548 1185 fuerint
566 1126 696 1200 decocta,
719 1128 812 1186 facies
829 1129 992 1202 potionem,
1015 1147 1051 1185 ex
1070 1146 1129 1203 qua
1147 1143 1216 1203 pero

185 1234 278 1273 cornu
305 1215 390 1273 dabis
418 1215 597 1274 animalibus
625 1215 728 1274 diebus
752 1215 811 1274 VH
833 1220 889 1275 aut
910 1216 966 1290 IX,
990 1221 1145 1276 curaturus
1164 1219 1190 1272 ut

184 1304 365 1379 tepefactam
389 1304 519 1380 digeras:
548 1324 625 1381 quae
649 1324 687 1363 ne
710 1304 889 1381 spissantur,
917 1305 1046 1365 adiectio
1069 1307 1149 1382 passi
1166 1307 1189 1362 ct

186 1412 281 1469 aquae
304 1393 386 1452 illius
410 1396 511 1469 copia,
533 1393 566 1451 in
590 1413 649 1469 qua
677 1396 791 1453 semina
814 1395 936 1453 decocta
959 1398 1043 1470 sunt,
1071 1397 1190 1471 praestat

152 1483 412 1558 Sliquamentum.
458 1483 618 1558 Aliquantn'
648 1487 739 1560 caput
768 1485 912 1561 agninum
941 1486 1004 1541 tam
1036 1483 1089 1543 diu
1118 1484 1189 1542 deco·

185 1575 295 1647 quunt,
319 1570 411 1630 donec
435 1573 531 1631 omnis
555 1590 700 1649 compago
724 1574 860 1632 solvatur
883 1572 1066 1648 abiectisque
1089 1572 1189 1633 ossibus
1199 1587 1217 1627 o
1246 1575 1247 1622 l

184 1664 296 1734 terrmt,
320 1660 519 1735 adiunctoque
543 1661 582 1719 ad
604 1663 652 1720 ius
674 1663 769 1737 ipsius
792 1662 880 1720 melle
903 1661 1007 1721 diebus
1029 1666 1140 1738 septem
1159 1659 1189 1718 ad

151 1753 279 1807 doornu
297 1749 444 1826 digenmt.
482 1749 594 1819 Quodsi
616 1753 708 1810 tussis
731 1770 767 1809 er
789 1751 926 1810 faucibus
949 1750 1066 1825 veniat,
1085 1768 1190 1809 murrae

186 1856 252 1895 unc.
271 1838 310 1913 H,
330 1839 512 1898 cardamomi
530 1858 596 1898 unc.
615 1840 640 1914 I,
658 1841 757 1898 nuclei
774 1842 857 1916 pinei
875 1840 985 1914 sertl,
1004 1859 1081 1899 uvae
1098 1857 1190 1915 passae

186 1931 258 1986 sext.
278 1927 293 1984 I
316 1928 429 1987 deteres
457 1928 616 2008 diligenter
645 1929 806 2004 additoque
832 1930 921 1988 melle
945 1929 1088 2008 agitando
1113 1929 1190 1987 lentis
1245 1969 1246 1978 .

187 2016 363 2076 carbonibus
392 2017 544 2093 decoquas.
593 2017 667 2077 Gum
689 2020 866 2094 intepuen't,
895 2018 1033 2093 pastillos
1059 2018 1097 2077 ad
1117 2017 1218 2076 nuciss
1245 2049 1246 2092 ,

187 2106 423 2184 magnitudinem
447 2107 552 2181 facies,
583 2126 658 2182 quos
685 2110 785 2167 ternos
816 2126 883 2165 oum
905 2107 1015 2183 butyro
1046 2103 1190 2165 diebusll

152 2196 235 2254 5vel
258 2195 317 2253 VH
340 2195 464 2272 digeras.
509 2196 586 2254 Item
610 2198 637 2255 si
659 2215 695 2255 er
716 2195 853 2254 faucibus
876 2214 966 2255 causa
989 2200 1048 2272 est,
1074 2196 1191 2255 occism

186 2285 303 2359 pullum
325 2285 524 2360 palpitantem
548 2287 663 2361 aperies
687 2289 717 2343 et
739 2285 826 2344 tolles
850 2289 879 2344 ei
901 2286 1112 2359 ventriculum,
1135 2302 1191 2343 cun

259 2480 292 2526 14
310 2472 367 2528 Pel.
384 2477 426 2525 86.
501 2477 533 2525 17
554 2472 611 2526 Pel.
626 2489 649 2526 c.
666 2478 707 2526 8¹1.
781 2478 815 2525 22
834 2472 892 2527 Pel.
908 2491 931 2527 c.
947 2479 989 2527 88.

258 2659 271 2706 1
292 2653 381 2705 donee
399 2651 489 2705 omnis
508 2667 573 2705 caro
592 2668 623 2717 a,
643 2651 678 2704 de
696 2651 821 2705 masculo
839 2659 886 2705 etc.
901 2650 961 2706 AL
984 2654 987 2719 Ι
1011 2652 1047 2705 do
1067 2669 1099 2707 eo
1118 2654 1193 2704 natur

186 2740 281 2794 eampo
299 2723 466 2791 decoquitur
485 2724 511 2777 L
538 2726 548 2792 ΙΙ
575 2729 590 2775 3
610 2739 666 2791 quo
690 2721 889 2778 deferbuerunt
906 2723 946 2777 ed.
959 2740 1003 2791 pr.
1034 2726 1038 2792 Ι
1071 2670 1125 2777 dei.
1144 2725 1192 2775 tres

187 2797 255 2848 sext.
278 2794 355 2862 passi
380 2794 488 2847 succidi
513 2794 574 2849 siue
596 2812 618 2847 r.
639 2797 666 2849 A
689 2812 715 2862 p.
737 2811 757 2848 s.
782 2794 885 2848 deinde
908 2811 930 2847 r.
954 2811 1049 2865 margo
1073 2794 1192 2864 ptisanae

186 2868 226 2920 cd.
239 2883 282 2932 pr.
304 2867 344 2933 1Ιό
363 2865 552 2919 semunciam.
566 2910 571 2920 .
583 2865 765 2935 coniungitur
783 2867 812 2918 et
829 2865 918 2920 fervet
936 2864 976 2919 cd.
988 2882 1032 2934 pr.
1048 2868 1075 2921 A
1094 2881 1192 2920 semun-

187 2937 260 2990 ciam
286 2936 414 2989 acerrimi
440 2936 589 2990 dimidiam
618 2938 691 2991 hem.
719 2936 928 3006 coniunguntur
955 2937 984 2990 et
1011 2936 1121 2992 fervent
1144 2935 1167 2989 L

187 3015 203 3061 6
223 3008 320 3077 quilon
334 3008 386 3061 fiat
402 3008 443 3061 ed.
456 3026 500 3076 pr.
516 3010 544 3063 A
562 3009 645 3077 cylon
663 3008 771 3062 facient
785 3008 812 3061 L
826 3010 835 3078 ΙΙ
850 3015 864 3062 ’1
884 3007 904 3061 f.
920 3008 951 3062 G.
967 3007 1094 3078 singulas
1108 3010 1192 3077 partes

187 3080 270 3133 emin.
286 3079 344 3133 dec.
360 3081 387 3134 L
401 3079 531 3150 singulae
544 3098 571 3148 p.
591 3080 650 3135 dec.
666 3080 693 3133 A
707 3082 716 3148 ΙΙ
731 3084 764 3133 10
779 3096 843 3133 cum
862 3096 887 3133 o.
901 3079 1064 3134 terruerunt
1082 3082 1158 3133 cocta
1171 3079 1192 3131 A

187 3150 327 3205 calefacta
345 3151 363 3203 f.
384 3154 413 3204 et
432 3150 525 3204 colata
538 3153 578 3205 ed.
585 3168 631 3220 pr.
654 3152 664 3220 ΙΙ
687 3156 720 3203 12
739 3153 772 3204 ut
790 3151 977 3220 inspissentur
995 3153 1035 3206 ed.
1046 3169 1091 3221 pr.
1106 3152 1134 3205 A
1150 3164 1193 3201 nee

187 3238 251 3292 spes
270 3225 384 3276 seratura
398 3222 519 3276 deiectio
537 3222 564 3275 L
577 3225 586 3291 ΙΙ
602 3227 635 3276 13
655 3223 735 3276 cocta
753 3225 819 3276 sunt
838 3238 904 3276 sem.
924 3224 964 3277 ed.
976 3239 1021 3290 pr.
1036 3224 1065 3277 A
1080 3227 1084 3292 Ι
1099 3221 1192 3291 praest.

187 3294 269 3365 liqu]
288 3295 434 3362 praeterea
453 3295 481 3348 A
498 3296 508 3363 ΙΙ
528 3299 560 3347 16
581 3293 720 3362 adiectoq.
735 3295 775 3347 ed.
788 3312 832 3362 pr.
848 3297 876 3349 A
898 3298 907 3364 ΙΙ
931 3300 1046 3374 18unc.
1061 3294 1086 3347 11
1104 3290 1192 3346 LPel.

187 3417 249 3452 unc.
265 3399 357 3453 chd.
368 3416 413 3468 pr.
429 3400 457 3453 A
472 3401 477 3465 1
492 3414 563 3453 uvae
582 3419 609 3468 p.
624 3403 693 3454 sext.
709 3417 759 3454 om.
774 3403 802 3455 A
822 3405 832 3471 ΙΙ
854 3406 887 3455 19
906 3381 996 3457 lentis
1015 3384 1171 3456 cubibusL

188 3475 222 3521 ‘²2
240 3470 284 3523 ita
307 3470 331 3522 si
350 3469 376 3522 L
411 3473 415 3536 Ι
449 3485 483 3522 ex
505 3468 525 3524 f.
546 3473 589 3523 est
611 3471 735 3537 occasio,
758 3471 868 3540 pullum
888 3475 916 3526 P
949 3476 959 3544 11
991 3479 1024 3526 21
1044 3472 1118 3528 tollis
1140 3469 1192 3523 aius

242 3541 327 3606 perr
