2509 3892
329 150 468 205 MVLOM.
487 152 500 203 I
519 156 562 215 63,
576 157 618 205 64.
656 150 681 203 Π
699 151 802 206 PROL.
1026 151 1069 216 95

83 339 136 377 rum
154 319 238 392 lauri,
266 338 387 378 rasurae
413 319 509 379 eboris
538 322 624 395 paria
654 318 786 394 pondera
813 318 972 397 diligenter
993 322 1069 379 trita

83 413 156 483 atque
167 410 308 483 permixta
322 408 404 466 domi
417 411 479 467 sive
497 410 529 466 in
547 408 703 467 itineribus
721 408 805 484 prius
823 407 942 467 condita
960 409 1068 468 habere

82 500 181 571 oportet
201 499 231 556 in
253 500 407 573 promptu,
430 501 478 569 ut,
504 499 643 572 quotiens
670 499 817 556 maestum
839 500 892 556 aut
914 498 1068 557 horridum

80 585 170 645 rideris
191 586 301 645 animal
325 589 378 645 aut
394 587 491 645 morbi
514 586 640 645 alicuius
662 587 730 645 labe
752 588 941 661 temptatum,
964 588 1068 645 statim

60 674 180 749 splenem
206 676 337 735 cocleare
365 694 399 733 ex
429 676 551 751 pulvere
573 677 737 734 memorato
765 693 832 733 oum
855 677 983 734 sextarm
1005 678 1070 736 vini

78 764 166 838 optimi
187 783 239 839 per
268 765 368 823 fauces
391 764 552 838 diffundas
582 767 612 822 et
634 784 688 840 per
713 764 847 823 triduum
876 766 968 823 etiam
991 784 1068 840 equo

76 853 211 912 inlabere
234 855 397 913 constituto
427 853 558 930 digeras,
587 855 622 911 ut
646 853 785 912 adversus
814 852 896 911 virus
918 855 1069 911 internum

76 940 224 1000 subveniat:
254 941 381 1018 probata
411 943 534 1001 curatio.
582 942 733 1001 Tussienti
762 944 862 1001 autem
892 960 959 1001 cum
987 942 1068 1017 passi

75 1029 176 1088 hemina
198 1031 292 1105 dabis,
314 1034 345 1090 et
367 1033 471 1090 statim
494 1033 602 1090 sentiet
624 1051 734 1089 emam.

50 1136 67 1174 u
129 1119 250 1195 sibber,
265 1121 313 1194 oui
322 1120 383 1179 iam
391 1120 543 1195 ponendus
554 1123 599 1179 est
612 1120 688 1193 finis,
702 1121 866 1197 legentium
875 1140 935 1179 non
944 1120 1068 1179 offendit
1083 1127 1101 1182 2

74 1206 202 1286 auditum,
222 1211 358 1284 sequenti
377 1209 528 1269 volumine
551 1210 724 1268 inchoantes
746 1228 764 1267 a
784 1211 894 1269 vertice
915 1228 1009 1285 usque
1030 1209 1068 1267 ad

74 1298 192 1373 ungulas,
206 1318 241 1356 ex
256 1301 403 1357 universis
414 1297 585 1358 auctoribus
598 1298 767 1357 enucleatas
782 1298 956 1357 animalium
969 1299 1066 1374 publi-

75 1384 188 1445 cabimus
206 1406 301 1461 ouras,
319 1392 355 1446 ut
369 1388 450 1461 ordo,
469 1388 523 1462 qui
541 1406 559 1445 a
578 1389 688 1446 natura
706 1388 794 1446 datus
809 1390 862 1461 est,
880 1389 912 1444 in
931 1388 1068 1446 medendi

74 1471 248 1548 dispositione
274 1480 419 1550 servetur,
446 1495 484 1534 ne
508 1475 657 1554 indigesta
683 1495 716 1535 ao
744 1475 942 1534 membrorum
968 1495 1067 1536 conse·

46 1580 65 1618 15
75 1563 194 1635 quentiae
202 1584 372 1643 repugnans
384 1566 497 1643 pagina
512 1568 703 1641 quaerentem
717 1565 880 1623 confundat
894 1569 947 1624 aut
960 1567 1066 1625 tardet.

457 1830 601 1901 LIBER
619 1829 665 1903 Π.

435 1989 683 2050 Pnonocvs

125 2116 367 2176 Mulomedicinae
391 2136 439 2176 ars
461 2116 636 2176 iamdudum
658 2118 733 2175 vitio
757 2116 930 2193 cupiditatis
954 2119 984 2175 et
1006 2118 1065 2175 exi-

70 2204 170 2277 guitate
202 2206 345 2265 mercedis
380 2207 461 2265 nullo
497 2204 659 2265 studiosius
689 2205 818 2265 discente
849 2206 980 2281 collapsa
1012 2209 1065 2264 est.

41 2288 160 2367 ulluper
176 2314 247 2353 vero
265 2296 398 2371 exemplo
417 2295 594 2353 Hunnorum
613 2297 675 2354 sive
694 2296 828 2373 gentium
846 2295 974 2354 aliarum
992 2295 1066 2354 artis

129 2541 142 2587 l
160 2534 254 2589 eburis
272 2537 300 2589 A
322 2536 331 2604 ΙΙ
356 2540 423 2587 1-3
443 2550 498 2588 ana
517 2535 554 2588 ad
572 2534 685 2589 libitum
708 2536 767 2589 tere
786 2538 816 2589 et
832 2534 970 2604 permisce
989 2534 1064 2588 domi

69 2602 104 2656 vel
119 2604 216 2661 itinere
234 2607 313 2675 prius
332 2605 438 2660 dictam
456 2623 500 2676 op.
515 2606 579 2660 hab.
595 2609 623 2661 P
639 2609 648 2675 ΙΙ
667 2612 682 2658 3
701 2610 834 2676 prumptu
848 2608 875 2660 A
892 2608 895 2674 Ι
912 2605 955 2659 vel
968 2608 996 2661 A
1015 2608 1065 2660 aut

68 2691 96 2726 m.
113 2681 158 2731 aut
175 2679 202 2732 h.
218 2679 278 2733 FP
310 2681 320 2747 ΙΙ
351 2676 492 2731 lanimal
510 2694 560 2732 om.
580 2680 608 2732 A
622 2685 686 2747 poet
704 2678 833 2747 quotiens
852 2685 963 2745 ponunt
980 2676 1062 2750 FP!

67 2743 150 2802 labore
167 2751 356 2818 temporatum
371 2749 450 2818 Ano
471 2749 506 2802 de
525 2749 600 2804 dicto
619 2768 647 2819 p.
663 2752 740 2819 ΡΙΙθ
760 2748 899 2803 diffundes
914 2750 941 2803 A
957 2751 961 2819 Ι
978 2749 1064 2804 otiam

67 2832 107 2871 om.
121 2822 164 2889 ΡΙ
180 2836 251 2890 equo
270 2839 321 2875 om.
336 2822 364 2874 A
377 2823 386 2888 ΙΙ
406 2825 420 2872 7
441 2819 625 2874 constitutum
644 2822 672 2874 A
691 2821 843 2875 constituto
863 2838 934 2890 equo
953 2821 1065 2891 digerat

67 2887 119 2943 Fe.
133 2908 155 2945 e.
170 2892 252 2945 dabis
271 2893 299 2946 P
313 2895 323 2960 ΙΙ
341 2896 357 2945 8
377 2891 534 2960 approbata
552 2893 616 2947 AF
629 2892 700 2945 haec
720 2908 742 2947 c.
762 2895 805 2946 est
822 2910 863 2962 pr.
879 2895 907 2946 P
918 2896 956 2961 119
975 2893 1064 2946 hemi-

66 2974 120 3014 nam
137 2964 175 3017 ed.
187 2981 231 3032 pr.
258 2967 262 3033 Ι
284 2962 416 3017 tussienti
435 2980 498 3016 oum
517 2978 568 3017 em.
583 2963 660 3032 passi
680 2964 748 3016 data
766 2964 863 3017 statim
881 2963 996 3018 confert.
1012 2966 1040 3019 P
1055 2964 1064 3036 l!

67 3035 93 3083 12
106 3033 218 3088 diversis
232 3036 272 3089 ed.
283 3052 328 3103 pr.
343 3037 371 3088 A
388 3038 391 3102 Ι
408 3033 561 3088 enucleatis
575 3035 669 3088 AFP
680 3035 688 3102 11
704 3040 737 3087 13
751 3035 875 3089 medenti
889 3035 1063 3105 expositione

65 3102 117 3156 PF
133 3109 142 3173 ΙΙ
169 3112 202 3160 14
222 3105 403 3173 consequenti
420 3123 441 3159 r.
457 3106 485 3159 A
504 3105 686 3172 consequenti
704 3123 737 3159 ae
755 3124 776 3158 r.
792 3107 823 3159 F
840 3109 849 3175 ΙΙ
878 3112 910 3160 lo
930 3110 1063 3174 querente

65 3173 208 3241 (quaerenti
229 3178 264 3240 G)
283 3176 424 3231 confunda
442 3179 492 3229 aut
509 3179 529 3230 t.
544 3179 572 3231 A

124 3246 217 3302 Publii
239 3248 352 3319 Vegetii
374 3248 477 3301 Reuerti
501 3247 554 3300 viri
580 3248 752 3318 digestorum
777 3247 845 3302 aitis
870 3248 1063 3302 mulomedici-

65 3315 127 3370 ualis
151 3319 224 3374 liber
249 3321 356 3389 primus
384 3318 508 3388 explicit.
548 3317 652 3387 incipit
682 3319 858 3388 prohemium
890 3319 1006 3373 secundi
1029 3321 1061 3373 P.

66 3385 118 3441 inis
133 3390 217 3458 primi
235 3391 325 3445 huius.
351 3390 453 3459 incipit
471 3390 543 3443 liber
561 3391 699 3444 secundus
718 3392 782 3445 AF

126 3466 158 3515 18
175 3462 245 3515 artis
264 3464 292 3516 P
319 3464 322 3530 Ι
352 3478 407 3514 non
427 3459 544 3514 dubium
562 3462 590 3514 A
617 3464 626 3528 ll
658 3466 690 3513 19
708 3479 735 3513 n.
755 3460 849 3513 studio
868 3460 931 3512 finis
950 3460 976 3512 d.
992 3461 1019 3512 P
1035 3477 1062 3511 n.

67 3530 194 3587 studiosus
213 3533 239 3586 d.
255 3534 282 3587 A
296 3536 305 3602 ΙΙ
319 3537 353 3585 20
372 3531 509 3601 numquid
527 3532 566 3585 ed.
578 3548 622 3599 pr.
639 3533 666 3584 A
682 3535 686 3596 1
702 3530 851 3600 gentilium
870 3532 897 3583 A
