2509 3892
473 169 515 224 De
533 169 703 225 auctoribus.
968 171 1097 225 XXXVII

68 358 152 415 quas
176 338 264 397 libris
287 339 477 414 praemittere
506 340 587 397 amat
608 339 657 398 hic
684 338 765 399 haud
795 338 924 415 quadam
947 340 1097 417 elegantia

66 430 225 499 carentes,
248 426 300 485 ille
322 444 383 485 non
404 427 502 486 habet.

142 517 188 576 At
215 514 358 575 habemus
389 516 470 592 apud
492 514 651 593 Vegetium
678 518 849 576 coniunctos
879 515 1037 577 Chironem
1066 521 1097 577 et

69 605 254 682 Apsyrtum.
307 604 434 663 Nomine
462 602 598 665 Chironis
627 605 762 664 centauri
788 605 906 665 libellus
937 605 973 666 de
1002 607 1096 666 mulo·

69 694 229 754 medicina
252 711 357 772 graece
379 695 506 770 scriptus
525 693 684 767 ferebatur,
707 696 741 752 ut
762 696 848 753 testis
867 697 913 754 est
932 692 1098 754 Columella

67 783 207 860 Ipraef.
227 779 247 858 θ
267 783 323 841 32:
346 784 379 840 in
395 785 511 858 peeoris
534 783 614 842 onitn
636 783 799 842 ductim
821 783 956 844 chirone
981 801 1016 843 ac
1033 785 1097 844 Me·

68 872 226 946 lampedis
253 875 280 930 ei
307 873 341 930 in
370 888 508 946 aaaron
534 872 644 946 solique
672 872 818 931 molitione
850 872 1018 945 iiipiolcmi
1045 877 1099 932 ant

67 961 212 1020 Aristaei
224 952 450 1041 prodentiam1)
468 978 653 1033 enumerans,
677 978 751 1036 quas
774 963 824 1019 vix
842 962 937 1037 possit
955 961 1097 1036 consequi

71 1049 215 1128 agricola
228 1048 385 1126 perfectus,
404 1051 558 1109 contentus
577 1051 603 1108 si
621 1050 789 1109 latinos-
804 1050 978 1109 Xbemellios
995 1048 1095 1109 Saser-

69 1157 195 1215 nasque
209 1141 240 1197 et
251 1136 387 1197 Stolones
401 1169 438 1179 -
451 1156 508 1197 usu
522 1140 717 1214 aequavisset.
753 1138 832 1198 Huic
846 1140 941 1216 igitur
955 1138 1096 1214 anonymi

71 1229 165 1305 operi
174 1227 254 1302 quod
264 1225 400 1286 Chironis
414 1246 522 1286 nomeu
535 1226 695 1286 mentitum
709 1218 796 1307 est'),
810 1245 878 1286 eum
888 1227 1014 1287 aliorum
1029 1230 1095 1286 tum

70 1317 208 1393 Apsyrti
220 1315 449 1374 mulomedicina
465 1318 530 1375 erat
543 1315 684 1375 adiuncta
702 1334 769 1376 oum
784 1318 817 1375 in
831 1317 1024 1375 vernaculam
1037 1317 1095 1376 lin·

70 1423 172 1484 gnam
186 1406 358 1478 vertentur,
376 1405 424 1464 vel
438 1436 483 1446 -
496 1405 576 1481 quod
593 1405 691 1465 minus
710 1404 864 1482 probabile
877 1404 997 1465 videtur
1010 1407 1094 1465 -is

71 1495 135 1570 qni
143 1494 238 1552 vertit
250 1494 407 1568 utriusque
422 1512 528 1570 corpus
541 1495 574 1552 in
587 1513 680 1552 unum
689 1495 828 1554 volumen
842 1495 997 1553 contraxit
1021 1493 1094 1553 Ver·

70 1583 172 1644 sionis
190 1583 276 1640 istius
294 1581 559 1659 Hippiatricorum,
582 1600 660 1658 quae
678 1583 849 1643 ferebantur
867 1601 889 1642 s.
908 1582 961 1657 IV,
984 1582 1096 1642 latinae

71 1690 173 1731 unum
183 1670 268 1730 nobis
278 1671 428 1747 exemplar
437 1689 499 1731 esse
509 1674 660 1731 servatum
668 1671 730 1730 iam
741 1689 831 1749 supra
840 1692 868 1748 p.
878 1671 1095 1731 XXXImonui.

72 1761 134 1820 Est
151 1759 216 1819 cod.
230 1759 414 1820 Monacensis
434 1761 511 1835 2433
530 1759 712 1835 chartaceus,
730 1777 751 1819 s.
768 1760 824 1818 XV
842 1761 1095 1838 negligentissime

73 1851 226 1909 exaratus.
263 1847 381 1908 Titulus
398 1850 480 1908 varie
494 1848 647 1908 scribitur:
670 1849 721 1908 lib.
740 1849 798 1926 Ip.
814 1851 856 1909 20
870 1849 939 1909 Odz
960 1849 1096 1911 Obironie

73 1939 222 1999 Centauri
234 1937 307 1997 iiber
325 1937 349 1995 I
362 1939 452 2012 eopi.,·
469 1937 520 1997 lib.
539 1937 570 1996 H
588 1958 616 2014 p.
633 1939 688 1997 36:
709 1937 830 1999 Obironi
847 1941 978 1999 centauri
995 1942 1095 1998 ceteri·

71 2028 164 2086 niani
182 2026 232 2086 bib.
250 2026 305 2098 II;
323 2026 373 2085 lib.
392 2026 434 2085 IX
452 2048 481 2103 p.
497 2027 574 2086 287:
595 2026 705 2086 Obiron
722 2032 877 2088 cauom
895 2032 922 2087 ei
933 2027 1096 2102 Absyrtus,-

73 2116 127 2175 lib.
146 2114 177 2173 X
193 2134 222 2190 p.
238 2116 315 2174 291:
336 2113 479 2175 Canama
496 2116 654 2175 Hermeros
675 2108 905 2197 onennarins.³)
942 2115 1095 2176 Habemus

70 2207 173 2284 igitur
186 2204 444 2264 mulomedicinam
458 2205 485 2262 X
498 2204 650 2279 librorum,
665 2224 683 2265 a
697 2203 822 2265 Claudio
832 2205 1007 2265 Hermerote
1022 2223 1095 2281 quo·

74 2294 147 2353 dam
160 2294 275 2352 incerto
289 2295 421 2370 tempore
434 2295 504 2370 post
512 2292 673 2371 Vegetium
690 2293 837 2371 digestam
850 2294 899 2353 val
913 2294 1090 2370 suppletam.

143 2381 211 2441 Hoc
221 2399 294 2457 opus
304 2381 414 2456 esseid,
426 2381 654 2460 quodVegetius
663 2383 794 2460 intelligi
800 2381 905 2456 voluit,
912 2382 981 2440 inde
988 2381 1094 2457 proba·

73 2474 127 2531 tur
136 2470 218 2547 quod
226 2488 346 2546 prorsus
359 2471 438 2531 inter
450 2489 482 2530 se
495 2472 684 2530 consentiunt
692 2469 834 2549 Vegetius
845 2473 876 2531 et
886 2468 995 2530 Chiron
1005 2462 1093 2551 illei)

155 2696 182 2763 1)
201 2692 241 2747 cf.
257 2693 334 2748 Snid.
350 2711 373 2746 v.
388 2690 505 2761 Χείρων.
543 2693 575 2747 ln
594 2692 654 2748 cod.
669 2692 746 2749 Leid.
762 2693 885 2761 quodam
900 2692 1036 2763 scriptum
1050 2694 1093 2748 est

75 2766 186 2822 Medici
203 2764 358 2820 herbariam
371 2764 473 2835 Apulei
491 2766 631 2821 Platonici
650 2766 784 2821 inditum
797 2783 816 2820 o
831 2766 947 2821 Obirene
964 2772 1094 2821 centonw

74 2839 210 2909 mapsam
220 2835 336 2891 Adsniies
349 2835 383 2891 of.
400 2838 475 2892 Mne.
491 2837 616 2892 Rboean.
631 2841 668 2891 23
678 2854 708 2907 p.
719 2841 782 2903 189,
797 2837 868 2892 Roee
877 2837 971 2892 anecd.
986 2836 1093 2891 11122.

149 2912 177 2977 2)
196 2905 344 2961 Chironem
371 2907 458 2962 fuisse
482 2907 747 2963 mulomedioum
779 2907 920 2978 quendam
949 2906 1095 2962 contendit

78 2980 161 3045 Odor,
181 2979 255 3035 onir.
290 3019 296 3032 .
312 2978 383 3033 XV:
401 2978 436 3032 cf.
452 2979 554 3034 Arsinia
571 2978 593 3045 s.
609 2981 656 3034 iat.
671 2980 813 3050 Loaieopr.
829 2980 898 3035 XII
903 2997 934 3061 p.
949 2983 1001 3033 401
1009 2996 1044 3034 sc.

150 3053 178 3119 8)
197 3049 225 3103 S'
259 3048 303 3103 ‘'s
321 3049 409 3104 codex
427 3048 495 3103 olim
513 3047 665 3104 Godofredi
689 3049 833 3104 Thomasii
851 3048 1094 3121 Nonmbergensis

77 3121 165 3176 fumea
179 3120 280 3174 fertur:
300 3119 334 3174 cf.
349 3122 412 3176 ibon
424 3121 482 3175 Pel.
492 3138 522 3191 p.
541 3125 583 3188 14,
600 3121 671 3176 Odor
684 3139 714 3192 p.
735 3121 797 3175 VII
805 3139 834 3175 n.
849 3127 873 3175 1.
889 3121 1095 3174 Enumerantur

76 3194 154 3248 enim
177 3192 288 3247 codices
306 3190 348 3245 hi:
374 3192 502 3248 &bonis
525 3191 669 3258 Centonn,
688 3193 802 3263 Absyrti
824 3200 849 3248 et
868 3193 906 3248 01.
926 3192 1095 3247 Hermerotis

77 3266 109 3320 de
127 3270 189 3320 arte
206 3263 371 3318 cannara
386 3263 450 3319 iibri
464 3263 503 3331 X,
523 3262 636 3319 oliverii
649 3265 831 3333 Neapolitani
847 3264 880 3319 de
893 3263 976 3333 equis.
1015 3263 1093 3332 Vepc·

76 3338 134 3392 tine
152 3335 186 3390 de
204 3335 414 3390 mnbmcdieina
427 3351 488 3390 cnm
520 3335 642 3390 beania
679 3334 716 3388 Et
729 3334 777 3389 hic
790 3332 905 3404 quidem
919 3333 1007 3388 codex
1020 3349 1095 3387 nunc

78 3410 120 3462 est
130 3404 278 3461 Gothauus
293 3404 328 3459 ef.
339 3421 424 3475 supra
437 3423 464 3475 p.
474 3405 500 3458 X
540 3447 546 3460 .
578 3404 621 3459 De
635 3405 731 3460 codice
745 3404 872 3460 chaonis
886 3403 959 3458 nihil
974 3405 1091 3458 mustei.

149 3480 177 3547 4)
198 3475 296 3530 Obiter
309 3475 362 3531 hoo
375 3492 516 3532 moneam:
532 3476 562 3531 id
595 3476 652 3530 uod
666 3477 788 3545 primum
801 3475 967 3545 sperabatur
981 3475 1096 3540 (Arenio

77 3550 99 3617 s.
114 3551 163 3608 iat
179 3548 322 3620 Leaieopn
336 3548 368 3602 X
376 3566 406 3619 p.
421 3552 474 3603 413
481 3552 529 3617 se.)
548 3547 585 3602 ha
605 3546 681 3601 uisse
698 3563 749 3601 nos
770 3546 934 3614 scriptorem
953 3542 1034 3611 qnasi
1053 3558 1096 3595 se-
