2509 3892
414 168 553 225 MVLOM.
571 171 585 225 1
603 175 691 225 8-10
1015 172 1056 237 21

48 341 143 397 mento
167 340 270 407 fovere
288 339 479 413 contendunt,
501 339 559 399 nisi
576 341 660 415 prius
677 340 851 416 potionibus
869 341 947 401 datis
966 344 1060 417 pestis

47 427 192 486 evellatur
220 429 354 488 interior.
400 429 478 487 Nam
508 430 688 490 extrinsecus
712 431 817 505 coepta
846 430 1062 490 medicamenta

46 515 179 574 morbum
204 536 263 577 non
288 517 432 592 adimunt,
455 517 506 578 sed
528 519 654 578 interius
678 519 861 594 compellunt
883 522 914 578 et
935 521 992 579 hae
1013 539 1061 580 ra·

48 605 123 663 tione
155 607 325 682 perieulum
361 610 511 685 generant.
566 607 602 665 In
639 606 818 666 animalibus
854 626 924 685 ergo
955 609 1094 667 moi-bob

27 693 146 752 seodem
162 695 371 755 laborantibus
387 696 536 774 generalia
550 697 609 755 ista
623 700 692 755 sunt
705 696 793 755 vitia:
806 698 897 755 tussis
911 714 1016 773 aspera
1030 700 1062 756 et

49 782 155 857 erebra,
174 787 264 860 spina
282 788 435 844 oonmaota
454 787 484 866 et
501 772 608 862 rigida,
631 785 741 845 maoies
759 803 875 861 semper
896 788 1061 846 ineresoens

48 889 110 929 oum
142 873 279 932 studium
309 876 339 932 et
369 874 511 932 alimenta
540 892 599 931 non
632 873 743 949 desint,
773 874 928 934 demissior
954 875 1062 950 cervix,

49 962 200 1035 stupentes
230 961 323 1037 oculi,
351 962 466 1021 tardior
497 963 636 1021 incessus.
685 964 772 1022 Nune
801 965 894 1041 signis
925 963 1094 1023 omnibusb

50 1051 225 1123 generaliter
248 1051 499 1128 singulariterque
527 1051 650 1129 digestis
678 1052 864 1129 singulorum
890 1052 1061 1111 morborum

22 1140 188 1211 especiales
212 1136 415 1216 propriasque
432 1159 517 1199 ouras
540 1144 659 1216 oportet
682 1141 849 1218 adiungere.
895 1140 968 1200 Post
990 1142 1061 1199 haeo

51 1223 83 1283 de
113 1230 249 1305 generali
280 1230 444 1288 minutione
477 1229 662 1308 singulorum
697 1233 728 1288 et
759 1229 915 1288 adustione
946 1230 1062 1303 doeens,

51 1316 221 1377 concludam
244 1317 354 1375 librum
376 1321 514 1395 primum.
595 1316 597 1321 ⁴

338 1525 379 1590 X.
406 1525 490 1592 Oura
503 1491 613 1591 'mmet
634 1527 766 1592 humidi.

112 1654 228 1716 Maleus
247 1656 367 1715 morbus
390 1656 415 1715 si
433 1655 572 1714 humidus
591 1658 690 1731 fuerit,
713 1657 757 1715 ita
775 1660 809 1714 ut
831 1675 885 1733 per
903 1659 1062 1737 utramque

22 1756 44 1795 u
54 1759 148 1802 narem
170 1745 284 1805 virides
307 1744 438 1804 defluant
455 1747 544 1819 muci,
566 1746 645 1805 inter
668 1746 788 1806 exordia
811 1749 902 1822 eaput
925 1745 987 1804 eius
1010 1745 1061 1804 ad·

55 1827 142 1892 hibita
165 1836 321 1895 curatione
343 1833 531 1912 purgandum
561 1837 606 1894 est
631 1836 687 1893 ita:
713 1835 772 1893 olei
794 1835 901 1910 optimi
919 1853 983 1893 uno.
1007 1834 1063 1907 HI,

54 1916 220 1994 liquaminis
250 1923 331 1983 floris
358 1925 489 1997 unciam,
518 1922 582 1982 vini
608 1925 717 1983 veteris
741 1923 863 1999 cyathos
886 1923 933 1983 ΠΙ
960 1941 1062 1983 sereno

57 2009 272 2089 tranquilloque
305 2012 353 2072 die
380 2015 494 2089 pariter
523 2014 693 2071 oommisoes
725 2015 756 2071 et
784 2031 850 2071 oum
881 2013 1064 2089 tepefeceris,

55 2095 186 2162 infundes
203 2104 237 2160 in
255 2102 390 2177 neribus3
409 2101 446 2160 ad
465 2100 619 2176 siphonem
638 2106 738 2160 autem
756 2102 903 2176 paulatim
916 2101 1062 2175 infundes,

28 2198 109 2244 anon
131 2192 223 2250 semel
242 2191 281 2249 ad
304 2208 404 2249 cornu.
451 2188 548 2266 Caput
565 2190 707 2268 religabis
728 2190 766 2248 ad
789 2190 878 2267 pedes
897 2192 1063 2266 sensimque
1079 2191 1096 2247 2

56 2274 217 2340 iumentum
239 2280 420 2355 impeditum
439 2280 597 2355 eompelles
616 2279 760 2354 insedere,
782 2283 817 2337 ut
840 2281 934 2337 omnis
957 2279 1064 2336 humor

59 2373 173 2428 emanet.
221 2368 307 2438 Quod
325 2370 351 2428 si
369 2370 490 2445 sanguis
508 2369 698 2444 postmodum
716 2368 847 2444 eoeperit
864 2367 962 2441 fluere,
985 2366 1097 2424 nihi13

58 2453 213 2517 timendum
237 2458 288 2518 sed
310 2460 411 2534 potius
439 2458 590 2516 sciendum
613 2460 659 2516 est
682 2457 794 2516 animal
816 2457 950 2531 legitime
972 2456 1063 2513 fuisse

59 2551 220 2621 purgatum.
272 2546 347 2605 Post
376 2546 456 2622 quod
485 2564 587 2605 sevum
617 2548 772 2622 caprinum
803 2544 966 2603 resolutum
999 2544 1063 2601 oleo

60 2640 262 2658 κ--η-

121 2700 137 2747 4
155 2697 190 2751 ef.
205 2696 275 2767 Veg.
290 2697 332 2751 11
353 2696 426 2751 chir.
442 2715 464 2752 o.
482 2703 540 2752 182.

122 2842 136 2890 2
150 2857 204 2909 pus
214 2855 237 2895 e.
248 2839 402 2894 interiusP
415 2844 419 2910 1
436 2840 559 2894 elevetur
568 2841 608 2894 ed.
614 2858 659 2910 pr.
677 2841 681 2911 1
697 2839 818 2893 mentior
827 2839 853 2893 G
868 2839 873 2910 1
889 2841 974 2909 capta
983 2839 1063 2894 Geso.

60 2906 161 2969 illita?
173 2915 183 2981 1
197 2911 413 2966 badmittuntA
423 2911 649 2966 amFeximunt
658 2913 697 2965 ed.
702 2928 746 2980 pr.
764 2912 768 2981 1
784 2911 821 2964 ad
830 2911 1011 2969 interioraed.
1018 2928 1063 2980 pr.

63 2972 130 3046 Ρ114
147 2983 269 3054 gignunt
287 2984 315 3036 P
326 2988 335 3047 1
348 2983 379 3036 in
397 2999 421 3037 a.
444 2982 581 3036 eiusmodi
599 2981 696 3036 morbo
713 2982 731 3035 l.
747 2984 786 3036 ed.
799 2999 843 3050 pr.
856 2982 884 3035 P
900 2982 1041 3051 (huiusm.)
1055 2981 1065 3052 11

64 3048 137 3106 lilla
155 3057 193 3110 M
209 3070 259 3108 om.
275 3055 334 3109 FA
359 3056 363 3123 Ι
389 3053 514 3123 asperior
531 3054 560 3107 P
583 3056 593 3124 11
616 3059 633 3107 6
652 3070 688 3108 or.
709 3053 830 3122 suspiria
847 3054 887 3107 ed.
898 3070 943 3122 pr.
969 3054 973 3123 1
999 3054 1063 3106 attr.

65 3114 88 3168 P
114 3124 123 3190 1
157 3131 171 3179 7
192 3124 323 3179 desinant
339 3127 412 3196 vulp.
428 3141 495 3180 corr.
510 3127 538 3180 P
575 3128 585 3193 11
627 3130 660 3178 10
673 3123 914 3194 post-primum
933 3141 982 3177 om.
998 3124 1064 3178 FP.

65 3201 200 3258 umento
217 3197 340 3265 capitula
359 3201 466 3251 10-16
482 3199 514 3250 io
532 3197 601 3250 PM

124 3272 155 3320 14
173 3283 328 3337 perunum
346 3267 389 3322 vel
408 3285 459 3336 per
476 3270 610 3335 utrasque
628 3285 655 3319 n.
670 3269 698 3321 P
714 3269 724 3336 11
739 3271 771 3320 15
790 3266 866 3319 intra
884 3266 911 3319 A
933 3269 938 3335 1
962 3265 1065 3334 capitis

69 3330 108 3401 ᾹΙΙ
120 3342 150 3391 lt
163 3339 207 3392 ita
224 3340 264 3393 ed.
275 3357 320 3409 pr.
340 3355 390 3394 om.
405 3339 524 3406 Aquod
542 3339 582 3392 sio
596 3338 628 3391 fit
642 3339 702 3392 FP
713 3339 723 3407 11
738 3343 770 3390 17
789 3336 858 3405 liqu.
873 3337 892 3390 f.
907 3355 934 3389 u.
949 3354 999 3390 om.
1015 3338 1043 3390 P
1055 3336 1064 3407 11

69 3404 94 3454 18
106 3409 292 3464 mmmieeebie
307 3412 336 3464 et
348 3410 477 3479 tepidum
486 3411 514 3464 P
525 3412 534 3477 11
549 3415 581 3463 19
596 3425 678 3462 nares
688 3411 715 3462 P
726 3412 736 3478 11
751 3413 837 3474 11120
852 3408 888 3460 ad
903 3425 924 3460 s.
935 3438 968 3446 -
979 3423 1065 3459 cornu

68 3483 115 3536 11011
130 3483 241 3535 emanet
257 3481 356 3536 babeat
373 3482 450 3537 codd.
468 3484 471 3550 1
488 3482 583 3533 autem
599 3496 650 3534 om.
665 3479 725 3533 FP
739 3477 872 3530 infundas
887 3478 914 3530 A
929 3478 985 3543 1120
1005 3490 1022 3526 a
1041 3491 1063 3525 e.

69 3544 100 3599 ed.
108 3566 146 3617 pr.
162 3555 190 3607 A
206 3553 211 3623 1
227 3552 348 3620 sensuiq.
362 3553 391 3606 P
402 3555 411 3623 11
425 3557 457 3604 21
474 3550 652 3618 compellitur
665 3550 725 3603 ΓΑ
739 3551 749 3615 11
763 3552 797 3599 23
810 3546 992 3599 metuendum
1006 3543 1067 3595 FP
