2509 3892
162 122 228 185 130
602 120 739 174 VEGETI

161 290 355 348 commixtum
377 290 497 365 impone
521 288 559 347 ad
577 289 677 347 locum
701 290 753 364 qui
770 290 868 348 laesus
892 292 945 362 est,
969 293 1000 348 et
1022 292 1049 348 si
1070 290 1172 352 alnus

126 382 144 436 2
161 380 275 437 fectum
292 379 434 437 fueritin
453 378 639 455 cartilagine,
661 378 718 436 hac
736 378 852 437 ratione
875 380 988 437 curato.
1025 378 1171 436 Interdum

160 467 284 526 animali
308 466 483 544 despumato
506 467 648 525 remissus
672 467 763 524 semel
789 465 827 524 de
849 467 952 541 palato
976 468 1095 545 sanguis
1116 485 1169 525 non

159 558 259 632 potest
280 557 417 631 reprimi,
444 557 567 630 propter
595 572 686 629 quam
715 555 936 628 necessitatem,
967 557 1046 614 sicut
1075 560 1168 631 supra·¹

160 646 377 721 scriptumest,
399 646 432 701 in
454 645 529 717 loco,
551 644 585 701 in
608 661 667 718 quo
686 644 800 720 sagitta
823 646 947 719 ruptum
966 647 1012 703 est
1033 645 1169 719 palatum,
1194 662 1205 700 ι

160 734 317 810 spongiam
335 733 465 807 imponis
484 733 633 808 caputque
647 733 710 790 eius
727 750 844 791 sursum
863 735 1033 811 constringe
1051 735 1081 791 et
1098 750 1170 807 aque

126 822 271 899 3frigida
299 839 383 880 renes
411 820 620 896 cerebrumque
650 821 863 896 testiculosque
893 821 1055 898 perfundis.
1095 821 1168 891 Quae

159 930 205 970 res
229 912 256 969 si
277 910 393 968 tardius
416 909 563 983 subvenit,
586 911 719 967 acaciam
741 911 860 987 nigram
882 912 913 968 et
935 911 1012 970 turis
1035 911 1169 985 pollinem

160 1000 263 1075 aequis
285 997 464 1073 ponderibus
488 1016 523 1056 ex
546 1000 629 1056 aceto
653 1000 796 1056 acerrimo
819 999 999 1075 temperabis
1022 1003 1168 1074 totumque

130 1095 135 1102 “
160 1090 251 1170 caput
272 1088 398 1160 illinies,
428 1086 521 1145 donec
544 1088 665 1163 sanguis
688 1088 755 1162 ipsa
778 1089 989 1146 constrictione
1013 1087 1202 1146 claudestina

260 1275 409 1340 XXXV.
433 1275 483 1340 De
501 1276 609 1357 palato
632 1277 662 1340 si
683 1297 762 1340 oeno
784 1297 816 1342 se
838 1297 901 1341 ocu
924 1276 1077 1341 clauserit

65 1419 103 1457 ιιι
111 1418 137 1459 ss
145 1417 211 1458 sem.
256 1404 374 1465 Mature
393 1406 561 1480 perieulum
584 1410 674 1480 creat,
697 1424 764 1464 cum
782 1407 878 1465 incisa
900 1425 976 1465 vena
995 1407 1095 1465 claudi
1116 1425 1168 1465 non

158 1497 259 1571 potest
285 1497 318 1553 in
346 1496 463 1571 palato,
495 1494 546 1554 sed
570 1497 710 1554 ocutmuo
741 1497 895 1573 sanguinis
924 1495 1104 1570 profluvium
1129 1496 1168 1552 in·

158 1583 291 1658 hibetur,
318 1585 345 1642 si
368 1586 421 1642 aut
443 1582 583 1642 candenti
610 1585 742 1642 cauterio
766 1585 858 1643 fuerit
884 1587 1001 1643 meatus
1024 1586 1076 1643 ille
1098 1602 1168 1642 com·

158 1673 262 1731 bustus
286 1675 316 1730 et
334 1690 509 1748 suspensum
532 1673 623 1731 altius
642 1675 740 1748 caput.
783 1671 857 1730 Oum
874 1691 928 1748 per
945 1692 1033 1732 nares
1057 1673 1168 1751 sanguis
1179 1689 1199 1729 o

159 1761 263 1819 defluit
284 1779 339 1820 nec
357 1764 455 1837 potest
478 1761 566 1820 aliter
583 1763 715 1834 retineri,
738 1761 928 1820 coriandrum
945 1763 1073 1821 viridem
1095 1759 1167 1821 suffi-
1227 1837 1228 1844 ἵ

160 1851 272 1908 cienter
293 1850 401 1908 tundes
431 1867 592 1926 sucumque
622 1852 685 1908 eius
714 1868 883 1925 expressum
911 1850 1072 1910 substricto
1100 1865 1167 1925 equo
1227 1859 1228 1904 ι

159 1937 281 1997 naribus
303 1939 455 1998 infundes:
483 1940 594 2016 frigore
617 1940 750 1997 naturali
772 1957 862 1998 venas
889 1941 1027 2015 protinus
1051 1939 1167 2010 claudit,

160 2028 294 2085 chartam
317 2028 408 2085 etiam
427 2030 458 2085 et
475 2028 577 2086 lanam
601 2026 755 2086 combures
777 2029 934 2104 ipsumque
952 2029 1104 2103 pulverem
1120 2045 1166 2102 per

158 2116 291 2175 fistulam
313 2114 480 2175 insufflatis
503 2115 634 2174 naribus.
1176 2131 1196 2172 u

207 2287 374 2352 XXXVI.
398 2286 448 2351 De
468 2306 576 2367 periere
598 2292 628 2350 et
649 2288 798 2368 qualitate
819 2307 979 2351 maenum
1001 2291 1056 2369 qui
1076 2309 1128 2370 per

554 2405 648 2450 acres
669 2385 779 2466 fluunt.
1226 2441 1227 2494 ἢ

65 2517 102 2554 111
111 2516 158 2557 sos
160 2518 211 2557 em
256 2506 411 2565 Mucorum
425 2507 517 2564 etiam
531 2505 702 2581 qualitates,
721 2506 774 2607 qui
786 2525 840 2581 per
853 2524 939 2565 nares
954 2506 1088 2580 effluunt,
1105 2524 1163 2564 con·

36 2605 39 2614 “
159 2597 242 2652 venit
259 2612 359 2667 nosse,
382 2613 417 2652 ex
435 2594 542 2669 quibus
562 2612 655 2671 genus
677 2596 824 2669 passionis
843 2594 1011 2654 ostenditur
1034 2598 1064 2653 et
1085 2610 1163 2653 causa
1226 2577 1227 2638 l

231 2732 264 2779 15
279 2725 337 2780 Pel
348 2742 371 2779 c.
381 2731 440 2780 307.
498 2732 531 2780 19
541 2726 598 2780 Pel
610 2743 632 2780 c.
645 2732 704 2780 305.
761 2727 860 2781 asPel
872 2745 894 2782 c
907 2728 1162 2798 bbcheg.138,t

232 2857 246 2903 1
266 2850 418 2903 commixta
436 2850 573 2920 imponito
588 2853 616 2904 P
627 2853 637 2920 ΙΙ
653 2856 667 2904 3
687 2850 804 2904 animali
820 2851 999 2920 despumauti
1018 2850 1165 2906 emissusP

159 2921 266 2974 animal
284 2921 481 2990 despumatum
499 2923 571 2993 culp.
585 2924 625 2990 114
645 2921 766 2991 deprimi
784 2924 835 2991 All
855 2928 871 2975 ὁ
889 2925 998 2976 tactum
1017 2927 1060 2977 est
1077 2922 1162 2992 palato
1225 2973 1226 2994 ζ

159 2994 238 3062 ΡΙΙΘ
257 2992 380 3047 acatium
393 2994 426 3048 ed
447 2993 597 3060 puuctum
611 2994 691 3061 Ple
709 2992 837 3061 partibus
854 2995 901 3062 ΡΙΙ
917 2998 949 3047 10
963 2994 1028 3062 ipsa
1046 3012 1068 3048 c.
1082 3011 1128 3048 cm
1141 2992 1165 3044 P
1225 3009 1226 3031 ι

159 3063 249 3117 donec
267 3062 443 3146 sapguinet
435 3079 497 3131 ipsa
515 3063 718 3118 confricatione
736 3065 764 3118 A
1225 3059 1226 3128 l

232 3142 263 3188 11
284 3135 308 3187 si
325 3151 350 3186 v
365 3134 455 3187 incisa
468 3133 563 3188 claudi
581 3151 638 3188 uon
651 3135 742 3216 possit
755 3136 783 3188 P
793 3137 803 3203 11
818 3140 851 3187 12
868 3137 1010 3189 maturum
1024 3135 1093 3203 ΡΙ
1085 3134 1163 3188 moise

159 3222 209 3260 om.
224 3208 252 3260 A
265 3208 275 3274 11
290 3211 323 3259 13
343 3206 414 3257 cont.
430 3203 543 3272 profluit
561 3206 690 3273 sanguis,
709 3205 874 3273 prohibetur
887 3208 983 3259 autem
1001 3206 1026 3260 si
1040 3208 1087 3274 Pu
1101 3212 1130 3259 14
1143 3202 1163 3256 ei

160 3277 255 3329 autem
273 3277 301 3329 A
330 3278 334 3344 Ι
365 3274 488 3327 cauterio
507 3290 557 3329 cm.
572 3276 600 3328 A
627 3278 632 3344 Ι
656 3275 734 3329 locus
752 3275 801 3329 ille
820 3278 877 3345 Pu
906 3283 938 3330 1ο
957 3294 1020 3330 cum
1039 3209 1102 3331 ιοιΙο
1120 3273 1164 3348 Pl

161 3350 193 3398 17
213 3360 375 3414 expressum
400 3344 465 3412 equi
490 3343 604 3398 naribus
631 3344 769 3399 suffundis
794 3278 877 3413 quod¹
894 3364 920 3401 n.
945 3347 1163 3417 frigiditaterl

161 3419 194 3468 18
214 3431 298 3469 venas
317 3431 367 3469 om
361 3413 629 3537 τι111)12011ι,1)1ιιιιι
647 3432 729 3469 nares
748 3418 776 3470 P
792 3416 932 3471 insuffla
923 3436 954 3471 m
972 3434 1069 3473 narem
1088 3421 1113 3472 A
1224 3425 1225 3468 3

232 3491 264 3539 22
285 3501 374 3539 exeun
