2509 3892
453 192 593 246 MVLOM.
612 193 625 244 I
645 198 679 246 56
1025 192 1068 256 85

75 360 144 437 guis
160 361 286 438 singulos
305 363 447 420 sextarios
466 361 558 434 dabis,
583 379 639 419 ova
657 381 685 419 n.
704 359 756 435 VI,
778 361 834 419 hoc
853 361 947 420 estin
965 361 1012 419 die
1030 360 1070 433 Π,

75 448 129 506 olei
152 452 225 508 rosei
246 469 303 509 ova
325 450 414 525 plena
436 471 464 508 n.
483 449 535 522 Ἦ,
557 449 660 524 butyri
682 468 747 508 uno.
765 449 820 524 HI,
846 451 877 507 in
901 449 948 509 die
970 450 994 525 Ι,
1018 449 1071 509 alii

73 535 170 596 Gallici
187 557 248 597 unc.
268 538 323 610 III,
347 539 439 614 amyli
457 556 522 598 unc.
540 538 596 612 111,
618 539 751 613 pulveris
769 538 956 616 quadrigarii
978 539 1070 614 selib,

71 626 185 685 lomenti
201 626 287 686 fabae
305 627 453 686 selibram.
500 627 581 697 Quae
600 629 700 685 omnia
720 628 825 686 misces
845 630 882 702 et,
905 631 940 686 ut
958 627 1070 687 dictum
1085 630 1127 687 20

45 719 126 788 sest,
152 718 248 791 aequis
278 716 458 791 ponderibus
484 735 537 791 per
568 717 702 774 triduum
734 715 848 775 divides
878 719 908 774 et
936 715 1070 775 ieiunum

69 805 173 863 animal
189 805 357 880 potionabis
371 809 402 863 et
419 805 500 865 horis
514 806 632 880 aliquot
650 805 838 863 deambulare
859 806 959 880 facies,
978 823 1071 880 usque

71 892 110 951 ad
128 896 278 969 septimam
302 913 320 952 a
343 894 409 953 cibo
433 894 622 953 abstenturus
650 898 681 953 et
702 898 783 970 potu.
825 893 977 952 Animalia
1000 913 1069 953 vero
1086 895 1125 952 21

69 984 155 1040 macie
183 986 338 1041 attenuata
367 1002 427 1042 non
457 983 568 1059 absque
597 983 697 1042 studio
728 984 865 1061 diligenti
883 985 1072 1064 ‘revocantur

69 1070 106 1129 ad
127 1089 275 1147 corporum
305 1071 486 1130 firmitatem.
527 1071 607 1130 Nam
637 1073 701 1131 oleo
731 1073 825 1131 veteri
854 1072 982 1147 vinoque
1005 1089 1071 1146 per·

35 1162 162 1219 remixtis
188 1164 218 1219 et
238 1162 395 1235 tepefactis
424 1163 457 1219 in
484 1161 547 1220 sole
573 1179 627 1236 per
655 1163 754 1220 totum
781 1179 887 1237 corpus
917 1163 1072 1237 unguntur

68 1253 96 1306 et
119 1253 214 1308 contra
236 1250 330 1325 pilum
354 1250 517 1308 multorum
539 1248 676 1309 manibus
699 1251 907 1325 perfricantur,
930 1253 964 1308 ut
987 1252 1072 1309 nervi

67 1338 233 1397 mollescant
256 1337 391 1413 cutisque
412 1339 529 1397 laxetur
552 1341 582 1397 et
604 1339 694 1398 sudor
717 1342 860 1414 erumpat.
904 1338 968 1407 Quo
991 1339 1071 1398 facto

67 1430 198 1502 cooperta
214 1427 246 1486 in
269 1427 379 1503 pontili
396 1427 497 1503 tepido
517 1427 706 1487 collocentur.
748 1428 788 1486 st
811 1430 837 1487 si
854 1427 948 1486 hiems
971 1428 1071 1501 fuerit,
1086 1429 1127 1487 22

66 1516 210 1575 conditum
232 1535 300 1574 cum
330 1515 481 1575 semuncia
508 1519 571 1592 apii
598 1518 719 1575 seminis
747 1518 814 1575 triti
841 1520 872 1575 et
894 1517 953 1576 olei
975 1517 1070 1575 tribus

35 1606 154 1664 isonciis
173 1606 348 1664 calefactum
369 1625 423 1681 per
441 1625 473 1665 os
496 1608 590 1681 Ipsius
614 1608 732 1681 oportet
750 1606 875 1664 infundi.
918 1604 951 1664 Si
973 1608 1070 1665 aestas

66 1694 158 1768 fuerit,
180 1694 365 1754 absinthium
387 1695 436 1754 vel
457 1699 591 1753 rosatum
614 1714 682 1753 cum
702 1694 746 1752 IV
769 1696 915 1770 scrupulis
939 1696 1018 1754 croci
1041 1698 1071 1753 et

65 1781 173 1841 duabus
190 1783 286 1842 unciis
305 1784 365 1842 olei
378 1783 522 1861 frigidum
540 1803 593 1859 per
611 1803 644 1843 os
662 1784 802 1842 similiter
820 1784 906 1843 debet
924 1785 1069 1859 accipere3

65 1890 184 1945 quorum
206 1875 232 1932 si
255 1891 315 1931 non
339 1874 472 1947 suppetit
490 1874 584 1947 copia,
607 1874 711 1931 vinum
734 1874 909 1948 simpliciter
932 1874 1070 1933 convenit

64 1961 196 2033 praebere
215 1979 282 2020 cum
301 1963 414 2020 ceteris.
460 1960 618 2021 Praeterea
637 1962 782 2021 eiusmodi
805 1964 916 2037 species
934 1966 1068 2037 tempore
1084 1963 1124 2021 23

34 2047 163 2108 sohiemis
191 2069 258 2110 cum
288 2050 393 2109 hordei
421 2049 528 2110 modiis
551 2049 594 2107 IV
623 2053 743 2110 misces:
772 2050 860 2109 fabae
890 2054 961 2110 sext.
984 2051 1068 2123 VIII,

128 2207 162 2255 20
178 2201 236 2255 Pel.
253 2218 275 2257 c.
292 2207 334 2256 24.

66 2302 269 2312 ᾖ...

128 2367 141 2414 1
162 2362 299 2417 sextarius
322 2361 392 2431 sing.
408 2364 435 2415 A
462 2365 471 2431 ll
500 2367 569 2416 1-4
587 2378 640 2415 ova
658 2380 684 2415 n.
700 2361 738 2415 VI
756 2361 808 2416 hoo
827 2361 918 2416 estin
942 2362 1069 2430 quolibet

64 2428 104 2485 die
122 2433 176 2487 duo
191 2433 246 2488 olei
263 2432 346 2502 (rosei
365 2450 415 2487 om.
432 2434 511 2500 PM)
531 2449 582 2486 ova
596 2433 682 2501 plena
701 2450 775 2485 num.
790 2431 829 2485 VI
847 2432 934 2486 butiri
953 2450 1014 2486 unc.
1029 2432 1068 2485 HI

64 2502 176 2568 pulveris
195 2504 236 2559 ori
276 2504 305 2558 ni
323 2521 386 2557 uno,
401 2503 448 2557 III.
474 2520 546 2572 quae
566 2506 635 2559 PM
643 2506 670 2558 V
692 2508 696 2575 Ι
722 2503 803 2558 dabis
822 2503 900 2573 quoli
918 2520 970 2557 ova
988 2522 1014 2559 n.
1030 2503 1068 2556 Vl

64 2571 110 2626 hoc
127 2580 170 2629 est
187 2592 243 2644 quo
258 2575 316 2629 'bet
329 2576 359 2629 in
378 2575 425 2629 die
443 2574 476 2642 Π,
496 2592 520 2630 ο.
534 2592 573 2629 ro.
589 2592 642 2628 ova
655 2575 693 2645 pl.
709 2577 740 2630 F
755 2576 808 2629 hoo
822 2577 866 2629 est
879 2579 941 2642 (orn.
957 2577 996 2630 ed.
1008 2580 1066 2645 pr.)

65 2641 149 2701 indie
167 2648 289 2701 secundo
308 2646 363 2701 olei
380 2664 420 2700 ro.
436 2662 488 2700 ova
526 2647 544 2699 l.
560 2648 587 2701 A
601 2648 640 2701 ed.
653 2666 697 2716 pr.
721 2649 730 2716 ΙΙ
753 2652 769 2699 2
788 2647 881 2701 butiro
901 2647 928 2700 A
948 2649 952 2717 Ι
973 2647 1002 2700 in
1021 2646 1067 2701 die

64 2715 138 2771 tertio
156 2721 184 2773 A
206 2720 246 2773 ed.
261 2737 306 2788 pr.
326 2718 404 2772 amili
429 2734 492 2772 unc.
572 2718 601 2771 in
625 2718 672 2771 die
694 2717 756 2772 IF
783 2721 793 2787 ΙΙ
829 2725 945 2788 31113.
965 2720 1005 2773 ed.
1022 2736 1065 2788 pr.

66 2783 152 2842 auium
175 2789 310 2860 gallicum
329 2792 356 2843 A
375 2794 411 2841 ar'r
430 2789 527 2859 gallici
551 2789 611 2843 allii
631 2788 728 2860 gallici
747 2790 778 2842 F
809 2792 813 2857 Ι
843 2808 873 2859 p.
898 2790 1067 2861 quadrigarii

66 2871 148 2929 margo
170 2861 206 2915 ol.
226 2860 336 2931 origani
354 2862 385 2915 F
413 2862 422 2929 i
454 2865 471 2913 4
489 2860 667 2915 linimentum
688 2860 707 2913 f.
722 2862 753 2915 F
767 2861 886 2915 lumenti
905 2862 933 2915 A
948 2864 952 2931 Ι
968 2865 998 2916 et
1016 2880 1066 2917 om.

66 2927 98 2979 ed.
108 2948 148 2998 pr.
163 2935 172 3002 ΙΙ
187 2938 203 2985 o
221 2930 334 3001 potabis
349 2933 377 2986 P
387 2934 425 3000 117
446 2932 624 2986 abstenturus
644 2933 738 2986 AFP
754 2930 930 2986 abstineatur
948 2933 987 2987 ed.
998 2952 1043 3003 pr.
1061 2933 1065 3005 Ι

67 3000 145 3056 Iton.
160 3006 238 3072 ΡΙΙθ
257 3002 409 3057 sanitatem
427 3005 476 3071 ΡΙ
497 3003 646 3057 commixto
665 3004 696 3058 F
711 3005 720 3072 ΙΙ
740 3008 773 3056 10
791 3004 933 3073 tepefacto
951 3021 1014 3060 eser.
1030 3004 1066 3058 -is

68 3069 199 3139 Alomne
213 3091 236 3127 c.
252 3075 301 3143 Fi
316 3080 348 3127 11
368 3076 397 3128 et
411 3092 437 3127 n.
452 3093 488 3128 m.
503 3077 533 3129 et
547 3091 569 3127 c.
584 3075 623 3129 cd.
635 3092 680 3143 pr.
695 3076 704 3144 ΙΙ
720 3080 752 3127 13
770 3078 916 3143 ooopertus
931 3079 958 3130 A
974 3075 978 3147 l
994 3075 1023 3128 in
1038 3094 1064 3145 p.

69 3143 144 3197 emp
157 3147 196 3200 ed.
209 3163 253 3214 pr.
269 3144 298 3198 in
314 3144 397 3214 potili
410 3145 472 3200 loco
485 3145 583 3215 tepido
598 3147 629 3199 F
645 3145 675 3198 in
689 3145 750 3199 loco
765 3148 821 3216 tep.
837 3148 864 3200 P
875 3149 885 3217 ΙΙ
900 3152 933 3200 14
952 3147 1066 3201 condita

68 3210 99 3264 td.
108 3231 149 3281 pr.
178 3220 181 3285 Ι
207 3215 322 3271 seminis
341 3234 391 3271 om.
407 3219 434 3270 P
453 3218 463 3284 ΙΙ
487 3222 519 3270 15
539 3216 677 3271 calefacta
696 3217 759 3271 AF
773 3233 832 3270 -am
851 3220 879 3271 P
894 3235 923 3272 -o
942 3219 981 3273 ed.
993 3236 1037 3287 pr.
1060 3219 1063 3290 l

68 3288 148 3339 mna
166 3289 229 3342 AF
240 3290 250 3357 i
265 3291 297 3340 1ss
316 3287 452 3342 absinthii
471 3289 534 3342 AF
550 3287 755 3342 absinthiatum
770 3289 955 3358 Morgagm'os
970 3292 974 3358 l
990 3305 1066 3342 rosa-

70 3364 119 3407 rum
135 3360 161 3412 A
177 3358 280 3413 rosacii
293 3360 325 3412 F
338 3362 342 3428 Ι
357 3359 396 3411 ΠΙ
414 3375 465 3414 scr.
481 3361 508 3413 P
519 3360 528 3426 ΙΙ
543 3364 576 3413 18
595 3357 653 3411 vini
672 3361 699 3412 A
717 3375 804 3411 unum
821 3360 852 3413 F
861 3361 870 3428 ΙΙ
885 3365 918 3413 19
936 3359 1065 3429 praeberi

69 3422 100 3475 (ὅ.
110 3443 151 3493 pr.
168 3433 172 3497 Ι
188 3447 251 3484 cum
271 3446 292 3484 o.
308 3447 358 3484 om.
373 3431 421 3499 F!
437 3430 520 3482 huius
539 3448 579 3499 sp.
594 3432 623 3484 P
634 3432 643 3497 ΙΙ
658 3434 691 3483 20
710 3429 863 3483 miscentur
875 3431 937 3484 FP
953 3432 1066 3482 -eantur

71 3493 251 3624 ⁸{xltdgvtpersmt
264 3503 371 3556 numero*
380 3502 436 3556 Pel.
454 3504 458 3568 Ι
475 3505 509 3553 20
520 3532 552 3540 -
562 3519 590 3569 p.
601 3505 645 3567 86,
658 3505 674 3552 2
689 3499 772 3553 fabae
782 3502 849 3553 sext.
861 3499 925 3551 VIII
938 3499 1063 3567 foenugr.

123 3610 127 3619 -
193 3580 240 3628 cet.
255 3589 306 3627 om.
321 3574 347 3627 A
