2509 3892
454 160 594 216 MVLOM.
613 162 626 214 I
647 167 678 215 11
1033 159 1077 224 25

65 350 135 406 ques
160 334 193 390 61
218 350 285 390 oum
309 348 398 408 passo
421 331 469 389 vel
492 349 562 390 suco
580 330 718 405 ptisanae
743 329 923 389 hordeaceae
945 329 1080 406 tepidum

65 419 149 480 dabis
174 420 213 479 ad
240 440 341 481 cornu.
387 418 472 488 Quod
494 418 520 478 si
542 419 659 478 tardius
686 420 846 495 profecerit
873 421 933 478 ista
956 419 1131 493 curatio,11

63 508 135 569 ficus
169 511 264 569 siccae
294 509 428 586 pondera
459 509 518 569 duo
550 508 778 587 diligentissime
812 508 913 567 tundis
944 508 977 566 in
1008 508 1081 584 pila,

64 598 145 659 faeni
163 597 280 659 Graeci·
290 600 455 658 sextarium
473 598 628 674 decoques,
648 615 801 673 quousque
820 616 898 672 aqua
916 597 956 657 ad
973 597 1081 656 medie-

42 689 158 747 statem
182 688 294 763 veniat,
316 690 385 763 post
405 686 517 748 colabis
536 689 567 745 61
585 687 706 746 faenum
725 684 870 745 Graecum
887 688 919 744 in
937 688 1081 745 mortario

66 793 131 834 cum
148 775 210 836 ficu
228 778 375 848 conteres3
399 777 452 835 alii
475 794 593 852 quoque
616 778 719 835 uncias
740 778 800 835 tres
820 775 981 834 contundes
1000 776 1081 833 sirni-

67 863 135 923 liter
153 866 188 924 in
206 867 349 926 mortario
368 867 480 925 ettam
498 866 584 924 rutae
603 884 694 940 quam
712 866 776 941 apii
793 864 950 923 fasciculos
968 866 1081 922 ternos:

67 954 174 1029 quibus
199 955 335 1014 omnibus
353 956 468 1032 pariter
485 954 587 1013 mixtis
610 955 642 1013 et
659 954 820 1031 diligenter
838 953 974 1013 contritis
998 952 1082 1011 addis
1139 944 1141 949 ’

67 1044 219 1103 1666661161
254 1045 358 1104 uncias
390 1043 429 1103 Π.
478 1043 584 1118 Aqua,
620 1045 653 1101 in
689 1061 749 1119 qna
784 1043 906 1102 faenum
938 1039 1135 1101 (1666661611
1184 1071 1187 1080 v

35 1134 184 1192 incoctum
208 1134 312 1207 fuerit,
341 1132 530 1210 superfundis
558 1134 768 1208 potionemque
795 1132 902 1206 facias,
931 1150 1008 1208 quae
1030 1150 1084 1207 per

70 1237 159 1279 cornu
181 1224 278 1300 possit
302 1221 434 1281 effluere:
462 1240 552 1297 quam
579 1223 672 1280 etiam
698 1220 892 1280 tussientibus
918 1221 968 1280 661
990 1220 1083 1280 vulsis

69 1312 223 1387 ruptisque
251 1311 429 1371 animalibus
456 1310 668 1387 pertriduum
695 1309 787 1369 debis.
833 1309 964 1387 Sequens
991 1329 1083 1369 reme·
1096 1310 1136 1367 13

72 1396 150 1459 dium
173 1399 213 1459 ad
243 1399 361 1460 aridum
389 1399 539 1461 morbum:
570 1398 650 1459 inter
679 1418 765 1459 nares
794 1400 920 1458 iumenti
943 1399 1084 1476 scalpello

71 1487 197 1564 secabis,
225 1491 255 1549 et
279 1508 389 1565 aquam
418 1488 561 1567 frigidam
587 1489 615 1549 ei
637 1491 671 1548 in
693 1488 785 1548 situla
807 1489 914 1548 latiore
937 1506 1084 1565 suppones

41 1592 62 1631 6
73 1594 217 1655 naresque
239 1578 334 1655 ipsius
357 1577 474 1638 assidue
498 1570 601 1638 diebus
623 1578 762 1654 plurimis
787 1595 910 1655 merges,
932 1580 968 1636 61
989 1578 1085 1653 suspi-

72 1666 147 1724 rium
177 1666 359 1729 distabesoat
388 1668 420 1726 in
450 1686 536 1743 aqua
586 1667 743 1726 Potionem
772 1685 890 1743 quoque
919 1669 948 1725 ei
977 1666 1085 1726 cotidie

74 1751 153 1817 dabis
183 1756 368 1817 huiusmodi:
398 1775 501 1816 suarim
529 1757 667 1833 ptisanae
698 1774 765 1815 oum
791 1774 861 1815 sevo
891 1757 1013 1832 caprino
1037 1755 1084 1813 de·
1097 1756 1138 1813 14

75 1846 170 1904 666166
197 1847 359 1904 sextarium
379 1865 481 1921 unum,
507 1845 737 1920 661166616616,
760 1847 809 1904 tus
832 1864 949 1921 quoque
971 1862 1085 1904 muscu-

74 1928 133 1991 lum
161 1936 267 2011 aequis
296 1934 476 2012 ponderibus
511 1934 619 1993 deteris
655 1936 745 2009 atque
774 1935 957 1993 commisces:
988 1953 1022 1993 ex
1051 1953 1086 1991 co

44 2022 215 2082 neoclearia
247 2024 366 2101 singula
397 2023 500 2083 diebus
535 2024 660 2101 singulis
690 2042 757 2082 cum
788 2025 909 2098 ptisana
940 2022 1086 2099 permixta

77 2107 209 2171 defimdis
232 2113 272 2171 ad
295 2131 394 2172 cornu.
441 2111 516 2171 Cum
545 2131 615 2172 vero
643 2112 775 2188 coeperit
797 2130 859 2171 esse
882 2112 1024 2186 validior,
1051 2112 1086 2170 (16

78 2203 186 2348 {rape
212 2204 388 2280 sanguinem
417 2202 554 2262 detrahes
582 2201 744 2277 additoque
773 2203 857 2261 aceto
887 2201 999 2259 animal
1021 2220 1087 2276 per-

115 2307 148 2348 ca
167 2309 203 2351 1s.

146 2448 179 2499 11
198 2442 272 2497 Chir.
288 2459 310 2497 6.
326 2447 386 2497 361.

146 2626 162 2674 1
181 2621 252 2675 (1666
270 2622 365 2690 partes
379 2621 407 2675 P
421 2623 425 2689 1
441 2625 510 2674 1-7
530 2620 626 2673 166116
645 2619 675 2672 16
694 2618 866 2684 mortarium,
885 2618 987 2672 deinde
1006 2616 1088 2671 addis

81 2687 250 2761 ffligalicnm
268 2695 402 2746 6661666
421 2694 451 2746 61
466 2691 600 2745 contrahe
618 2694 648 2745 et
665 2693 726 2745 tam
743 2694 824 2745 rutae
838 2693 866 2746 P
877 2694 917 2760 114
936 2706 1025 2760 coque
1040 2689 1070 2743 F
1080 2692 1090 2759 11

84 2764 98 2810 5
114 2766 141 2816 61
156 2782 208 2819 666.
223 2765 254 2818 F
263 2766 303 2834 116
321 2763 373 2817 fico
388 2764 415 2817 A
440 2763 444 2833 1
469 2763 560 2817 16666
580 2780 602 2817 6.
617 2763 649 2817 F
666 2762 670 2833 1
691 2763 846 2817 contundes
865 2766 892 2818 A
914 2766 924 2833 11
948 2767 962 2815 1
982 2763 1012 2816 16
1030 2761 1089 2831 pila

84 2829 110 2883 F
127 2837 136 2903 1
158 2841 174 2889 8
193 2854 219 2904 q.
234 2853 262 2904 p.
281 2835 311 2887 in
328 2835 463 2889 mortario
481 2834 574 2888 missis
592 2836 639 2903 ΡΙ
656 2837 685 2888 61
702 2851 752 2890 orn.
768 2836 831 2890 AF
848 2837 853 2903 1
875 2835 951 2888 tn‘tis
968 2833 1090 2905 6111611

84 2906 97 2953 l
114 2905 251 2962 dracontii
269 2907 309 2960 61.
320 2923 364 2974 pr.
383 2906 432 2977 161
451 2922 525 2974 aqua
540 2908 568 2961 P
582 2905 586 2977 1
602 2922 676 2975 aque
693 2907 792 2976 611110
811 2906 898 2961 facies
916 2908 944 2961 P
955 2908 965 2976 11
980 2912 1011 2959 11
1031 2908 1091 2959 166-

85 2972 226 3033 sientibns:
244 2978 375 3047 incipitS
389 2981 393 3048 1
408 2977 454 3031 vel
468 2993 519 3033 om.
534 2978 562 3031 P
572 2978 582 3045 11
597 2983 630 3031 11
645 2980 696 3031 661
709 2995 730 3031 r.
746 2977 786 3032 61.
797 2995 841 3047 pr.
857 2980 886 3032 et
898 2995 920 3032 r.
935 2979 963 3033 P
974 2994 995 3031 r.
1006 2978 1070 3032 AF
1082 2980 1090 3047 11

86 3049 115 3098 13
131 3048 263 3105 iumentis
276 3049 299 3105 S
315 3050 358 3102 ·ta
376 3049 416 3102 61.
428 3066 473 3118 pr.
498 3051 503 3118 1
528 3047 660 3118 sagitella
674 3049 702 3102 P
722 3051 726 3116 1
750 3054 783 3102 14
802 3049 897 3103 fistula
914 3048 1009 3103 latiori
1024 3049 1052 3103 P
1069 3066 1089 3101 6.

85 3113 138 3172 1616
158 3121 200 3176 ori
223 3136 383 3190 supponens
401 3121 432 3175 F
452 3136 503 3189 per
524 3119 648 3173 fistulam
670 3119 759 3173 latam
782 3120 842 3174 eina
865 3120 907 3173 ori
930 3138 951 3174 s.
970 3120 1042 3190 sulp.
1062 3123 1090 3174 A

86 3188 373 3262 161111616181111
393 3191 544 3262 61661681
562 3206 622 3245 sero
637 3192 685 3260 Ρ11
700 3196 732 3245 18
746 3191 951 3260 6166616116.
969 3192 1092 3262 1166166

86 3258 105 3312 S
133 3263 136 3334 1
168 3263 355 3319 masculinnm
373 3268 410 3316 ari
427 3266 501 3317 teres
522 3265 580 3331 atq.
599 3262 792 3317 commiscebis
811 3265 839 3317 P
871 3265 881 3331 11
917 3268 951 3316 10
970 3260 1092 3315 coclaria

88 3329 122 3400 S!
135 3338 174 3404 pt.
190 3338 219 3391 61
231 3334 362 3389 infundes
378 3350 529 3403 personna
542 3335 570 3388 P
581 3335 590 3402 11
604 3339 637 3387 11
658 3350 773 3388 comum
787 3334 809 3389 S
823 3340 827 3401 1
843 3337 939 3387 autem
953 3335 980 3387 A
994 3333 1034 3387 61.
1045 3350 1090 3401 pr.

89 3418 132 3458 om.
144 3407 194 3477 Fq
207 3413 242 3461 11
260 3405 396 3460 cervicem
413 3406 453 3475 Sl
470 3404 601 3459 animalis
619 3422 720 3473 corpus
739 3405 788 3458 Μ’
