2509 3892
460 140 503 197 De
521 141 691 198 auctoribus.
995 143 1088 198 XXXI

49 333 86 390 p.
116 304 271 390 123200]
294 309 347 387 qui
370 310 521 371 commode
543 310 703 390 Vegeiium
730 314 761 371 et
784 309 980 372 Columellam
1002 313 1088 373 iuxta

49 402 169 479 posuit
200 400 475 476 demonstravitque
509 400 656 477 quomodo
688 401 766 461 ulter
798 420 833 459 ex
865 401 959 461 altero
991 403 1089 478 possit

51 491 190 567 corrigi:
224 508 351 565 querum
373 491 611 550 coniecturarum
637 490 720 550 haud
748 508 861 568 peucse
890 511 945 568 per
972 490 1088 550 codices

53 578 290 652 confirmentur,
312 580 347 637 ut
370 580 400 652 4,
418 581 448 653 4,
468 580 497 638 5.
522 581 551 655 9,
570 582 598 639 2.
625 582 676 655 10,
697 582 724 638 1.
751 582 801 654 10,
821 581 850 640 3.

131 667 177 727 Ut
203 670 319 727 certum
348 670 394 728 est
417 666 612 727 Columellam
641 669 704 727 fere
733 669 830 728 solum
858 668 950 728 fuisse
979 668 1086 728 fundu·

53 760 200 817 mentum
223 756 296 816 libri
317 755 370 831 IV,
392 758 437 816 ite.
459 775 519 816 000
541 759 640 817 minus
662 756 782 818 videtur
804 760 931 832 certum,
961 757 1086 817 eundem

54 846 197 925 Vegetio
209 848 348 907 ceteros
361 845 453 906 libros
468 847 658 922 componenti
670 846 747 906 01101
760 846 974 924 suppeditasse.
1010 845 1087 906 Sunt

56 938 147 997 enim
171 955 207 994 ex
229 934 394 1013 Pelagonio
416 954 494 1011 quae
516 953 583 995 cum
607 933 773 996 0010100110
802 937 1004 996 consentiunt:
1031 954 1086 997 nee

53 1027 187 1098 mirum,
209 1025 353 1100 quonium
371 1022 537 1085 Columells
558 1042 618 1083 non
640 1026 740 1084 minus
763 1024 972 1101 sPelsgonio,
995 1042 1087 1101 quam

53 1115 114 1174 hic
133 1132 154 1173 0
172 1113 299 1191 Vegetio
318 1113 496 1189 compilatus
515 1105 606 1194 est¹):
628 1115 725 1192 igitur
737 1113 810 1192 Veg.
826 1116 856 1187 2,
871 1115 924 1189 45,
940 1116 1025 1174 1-3
1041 1139 1084 1163 ==

53 1194 510 1284 Ρο103.43((101.6,30,6);
532 1201 568 1259 V.
585 1203 614 1278 2,
631 1204 682 1271 79,
702 1204 744 1261 23
759 1228 803 1251 ==
818 1201 880 1262 001.
896 1204 926 1278 6,
941 1204 995 1277 30,
1008 1205 1028 1262 4
1042 1229 1085 1251 =

55 1292 169 1369 Pelsg.
181 1292 259 1364 1623
277 1290 314 1350 V.
325 1292 468 1367 2,122,9
484 1316 527 1345 ==
543 1288 605 1352 001.
616 1292 646 1366 6,
656 1293 737 1365 31,1
754 1290 909 1371 =Pelcg.
926 1292 1084 1352 108.109.

135 1468 182 1528 De
195 1467 395 1546 Pelagonio
408 1468 502 1547 igitur
516 1469 717 1545 quaerendum
731 1469 798 1544 erit,
811 1469 837 1529 si
852 1471 986 1530 volemus
1000 1471 1085 1529 inds-

57 1578 138 1639 gare
159 1556 309 1633 quomodo
327 1557 471 1635 Vegetius
491 1557 584 1618 libros
599 1557 707 1617 I-—HI
725 1561 933 1636 composuerit.
970 1560 1012 1620 Et
1028 1560 1085 1619 hoc

59 1647 190 1726 quidem
210 1648 244 1705 in
262 1645 424 1725 Pelagonio
443 1647 646 1725 3001001010οι
665 1647 775 1708 eccidit
792 1648 873 1725 quod
890 1649 1035 1709 habemus
1054 1651 1086 1709 et

59 1737 231 1798 editionem
252 1737 508 1796 coemtissimcm
529 1739 560 1795 et
581 1737 829 1797 commentorium
847 1738 1085 1813 subtilissimum,

58 1825 196 1887 estnihil
218 1825 279 1884 fere
297 1826 394 1901 possit
411 1823 495 1884 eddi:
518 1824 717 1885 erubescerem
736 1845 807 1886 sene
829 1846 893 1886 rem
915 1827 1086 1887 absolutam

57 1917 239 1989 retrwtme,
260 1915 320 1975 nisi
341 1932 453 1974 nomm
476 1914 625 1990 quoddam
649 1915 740 1991 idque
759 1917 969 1993 gravissimum
993 1916 1085 1977 etad

58 2003 263 2082 Pelagonium
276 2006 308 2063 et
321 2003 361 2063 ad
374 2002 532 2081 Vegetium
545 2004 656 2063 rectius
675 2005 894 2065 aestimandum
908 2005 955 2066 his
968 2009 1084 2083 tempo-

58 2094 149 2154 ribus
172 2094 356 2152 secessisset:
380 2091 517 2152 Chironis
541 2092 608 2152 dico
629 2093 900 2170 mulomedicinum,
924 2113 1000 2171 quse
1022 2098 1084 2155 ism

61 2187 137 2245 mco
156 2183 211 2242 hos
224 2182 352 2242 sedecim
369 2181 432 2240 fere
444 2199 538 2241 00000
551 2173 699 2263 deteets')
717 2202 796 2242 0000
810 2183 929 2243 demum
940 2187 973 2243 in
986 2186 1084 2245 lucem

60 2272 181 2352 prodiit
201 2291 256 2348 per
279 2267 369 2330 Oderi
391 2269 577 2348 diligentium
600 2273 691 2347 utque
718 2265 950 2353 eruditionem.⁸)
992 2273 1084 2332 Haud

61 2363 163 2441 igitur
184 2360 315 2420 alienum
338 2362 411 2437 puto
434 2358 471 2417 de
494 2359 656 2437 Pelagonio
678 2359 788 2420 iterum
811 2361 971 2437 disputare.

134 2448 299 2526 Pelsgomo
329 2449 450 2525 quidem
477 2448 583 2508 laudet
611 2448 755 2527 Vegetius
786 2449 937 2510 abundare
966 2450 1084 2509 dicendi

62 2540 259 2613 100010010ος
283 2538 336 2598 sed
358 2529 464 2619 (praef.
485 2534 504 2612 ἓ
523 2531 558 2619 3)
581 2540 697 2599 omissis
718 2540 812 2613 010000
833 2541 987 2614 caesoque
1008 2556 1084 2598 mor-

64 2631 172 2689 comm
192 2631 255 2688 tam
275 2645 400 2702 maenae
422 2628 466 2686 rei
486 2627 682 2702 fundamento
702 2628 841 2703 neelecit:
862 2628 894 2686 id
917 2628 998 2704 quod
1018 2630 1083 2687 iure

64 2716 230 2783 offenditur
257 2708 337 2797 (Ihm
359 2737 387 2792 p.
409 2707 474 2796 19).
521 2714 640 2776 citatur
661 2715 694 2776 P.
714 2735 732 2775 e
754 2717 895 2796 Vegetio:
921 2719 1082 2793 1,17,15

66 2831 110 2855 -ι
137 2805 239 2883 Peleg.
261 2824 285 2865 c.
312 2806 365 2880 183
392 2806 422 2880 3,
448 2805 498 2879 13,
520 2806 538 2864 3
562 2830 604 2855 ==
633 2805 734 2884 Peleg.
759 2808 837 2884 3903
869 2809 898 2882 3,
924 2810 974 2882 14,
998 2810 1017 2866 2
1040 2833 1082 2855 ==

66 2895 170 2974 Peleg.
191 2896 270 2969 4913
294 2896 324 2967 3,
339 2895 390 2969 27,
405 2894 424 2952 3
440 2918 482 2941 =
496 2893 597 2974 Pelog.
618 2896 697 2955 423:
720 2898 790 2956 sunt
817 2898 918 2956 omnic
943 2897 1084 2971 remedia,

66 2984 153 3047 nullu
175 2985 263 3062 signe
280 3000 431 3043 00000000.
468 2983 511 3043 At
527 2983 725 3061 Pelagonium
748 2986 905 3063 permultis
924 2986 992 3044 eliis
1009 2986 1083 3045 locis

68 3092 89 3137 e
105 3072 232 3152 Vegetio
252 3090 315 3135 esse
332 3071 536 3150 compilatum,
554 3092 608 3133 000
625 3073 756 3133 Ihmium
770 3075 857 3153 fugit.
899 3073 983 3144 Quod
996 3073 1084 3134 Pele-

139 3245 166 3312 1)
186 3241 226 3297 Oi
241 3241 310 3307 Ihm,
329 3241 461 3313 Pelugon.
475 3259 503 3311 p.
519 3246 560 3297 19.
574 3247 624 3296 241
634 3261 674 3312 sq.

139 3318 166 3382 2)
185 3312 230 3369 W.
252 3312 298 3367 Me
318 3327 359 3379 er,
386 3316 450 3368 ecte
475 3328 515 3368 ec.
543 3312 652 3368 Moneo.
675 3319 743 3369 1396
769 3333 795 3385 p.
818 3320 878 3370 390.
920 3315 990 3385 Ihm,
1011 3315 1082 3370 Mus.

68 3385 194 3442 utem
209 3390 245 3440 re
257 3402 285 3454 p.
298 3331 360 3439 170.
396 3384 492 3455 pelag.
527 3389 592 3440 ,0.

139 3461 166 3527 3)
186 3454 297 3511 cundii
317 3454 444 3510 Hermeri
466 3474 495 3510 m
526 3456 686 3512 emedicins
704 3454 832 3511 Chironis
851 3456 894 3512 ed.
913 3454 984 3524 Eug.
1000 3452 1083 3517 Oder,

70 3527 143 3599 ispe
159 3531 237 3617 reor.
