2509 3892
434 133 574 188 MVLOM.
594 136 620 187 ιι
640 141 699 203 140,
716 141 765 190 ιιι
1048 137 1111 201 237

84 304 201 378 cibum,
225 303 315 379 pedes
334 304 459 362 trahunt
481 307 512 361 ot
534 323 602 363 cum
620 305 834 379 producuntur,
856 306 1052 364 succumbunt
1075 306 1114 364 ad

85 394 228 470 singulos
248 411 374 470 gressus,
397 412 451 468 per
473 412 560 452 nares
579 393 683 452 defluit
702 396 808 467 sanies,
831 394 961 471 gravedo
981 396 1114 453 nascitur

86 484 202 558 capitis
226 486 261 540 ut
288 481 435 540 deiciatur
458 483 496 541 ad
518 486 643 556 terram,
672 482 710 541 ad
733 482 913 561 surgendum
936 484 984 542 vel
1008 483 1045 542 ad
1069 484 1113 542 in-

85 571 258 630 cedendum
290 570 431 630 deficiunt
467 573 599 647 corporis
635 574 721 631 vires.
779 570 966 631 Generaliter
997 575 1147 633 curati03

58 660 152 724 sista
176 662 335 719 succurrit:
365 661 464 719 locum
488 662 539 736 qui
562 679 718 736 percussus
742 665 787 720 ast
810 664 878 720 ante
902 661 1002 720 omnia
1025 663 1113 720 fumi-

86 751 180 826 gabis
200 752 347 809 succensis
366 752 451 809 tastis
471 769 595 808 ovorum
613 750 753 828 gallinae,
773 770 849 827 quae
866 750 948 826 prius
967 750 1113 809 infuderis

87 841 123 896 in
148 842 249 912 aceto,
279 838 382 897 addito
407 841 499 898 etiam
522 857 614 898 cornu
644 841 763 899 cervino
787 840 835 898 vel
858 840 995 917 galbano.
1041 840 1114 899 Post

87 927 299 986 suffimentum
330 928 396 986 loca
423 931 490 1004 ipsa
522 928 703 988 scarificabis
732 932 762 987 et
799 931 976 1007 sanguinem
1008 949 1043 988 ex
1066 928 1112 987 his

88 1018 227 1089 emittes,
259 1017 307 1075 vol
342 1021 420 1077 certe
450 1020 583 1077 cauterio
612 1020 713 1077 inurcs
745 1018 824 1092 loca,
858 1037 933 1093 quae
966 1021 1114 1077 venenata

48 1130 74 1168 ιο
87 1107 186 1181 pestis
211 1106 355 1183 attigerit.
402 1104 566 1166 Observare
595 1111 696 1166 autem
719 1106 852 1180 debebis,
881 1126 918 1165 ne
946 1109 999 1165 aut
1022 1109 1147 1182 supraA
1181 1168 1184 1174 ,

53 1269 57 1274 ¹
88 1195 257 1253 articulum
279 1198 332 1253 aut
350 1197 383 1253 in
400 1198 533 1254 nervosis
556 1197 629 1255 locis
647 1199 681 1254 in
700 1215 876 1271 quacunque
899 1198 1035 1272 passione
1059 1216 1113 1254 un-

88 1304 186 1359 quam
209 1287 373 1343 cauterium
392 1304 494 1360 ponas.
539 1285 665 1345 Adustis
688 1287 767 1345 enirn
790 1287 889 1344 nervis
912 1286 961 1343 vel
979 1286 1113 1344 articulis

87 1376 240 1450 perpetua
267 1373 413 1438 debilitas
434 1378 638 1450 consequetur.
686 1373 744 1433 Sed
771 1375 931 1453 diligenter
958 1375 1113 1433 considera

89 1467 120 1521 et
145 1465 202 1521 aut
220 1465 355 1538 superius
375 1467 427 1521 aut
445 1465 570 1522 inferius
588 1465 732 1539 pusillum
753 1484 843 1540 quam
861 1466 946 1522 nervi
969 1466 1022 1522 aut
1040 1465 1112 1522 arti-

49 1575 75 1614 ιι
89 1553 155 1610 culi
173 1555 252 1626 sunt,
276 1570 341 1610 cum
361 1555 520 1612 necessitas
539 1554 640 1627 fuerit,
664 1572 780 1629 appone
804 1556 944 1612 cauteria.
990 1552 1113 1611 Animal
1129 1556 1146 1612 5

88 1645 195 1700 autem
219 1641 299 1716 quod
321 1644 467 1700 venenata
495 1641 623 1700 bestiola
651 1644 798 1721 tetigerit,
829 1642 947 1719 expedit
969 1645 1004 1707 ut
1027 1641 1113 1701 sudet

88 1733 119 1788 et
145 1730 253 1788 calidis
276 1733 356 1809 sagis
385 1733 578 1807 coopertoriis
601 1733 771 1790 involutum
794 1731 964 1791 deambulet
987 1734 1017 1791 et
1040 1733 1112 1790 fari-

89 1838 164 1878 nam
182 1818 376 1878 hordeaceam
395 1823 428 1879 in
447 1821 511 1880 cibo
531 1824 639 1895 sumat,
662 1821 773 1880 additis
791 1821 946 1880 frondibus
970 1822 1113 1879 fraxineis

89 1912 119 1967 et
145 1908 259 1968 vitibus
283 1909 368 1968 albis.
413 1909 450 1968 In
472 1911 564 1987 plaga
588 1913 688 1969 autem
710 1911 770 1968 mel
790 1909 926 1969 Atticum
948 1911 997 1968 vel
1020 1912 1112 1968 cumi-

53 2019 77 2057 ιι
90 2019 166 2056 num
189 2017 257 2057 cum
279 2000 350 2057 vino
373 2000 468 2057 veteri
490 2003 617 2057 mixtum
645 2000 824 2058 calefactum
848 2002 966 2076 oportet
989 2001 1111 2076 imponi.

90 2087 286 2147 Nonnullist
258 2091 371 2146 stercus
396 2089 517 2148 suillum
538 2107 639 2147 recens
663 2092 693 2146 et
716 2089 893 2147 melantium
915 2090 1022 2146 tritum
1045 2107 1113 2147 cum
1144 2149 1146 2155 ,

90 2178 165 2235 vino
197 2178 323 2236 miscent
359 2180 388 2235 et
425 2178 551 2236 calefact
538 2181 603 2235 turn
638 2180 725 2253 quasi
753 2179 937 2252 cataplasma
967 2178 1113 2235 inducunt

91 2264 235 2324 addentes
258 2268 376 2325 urinam
400 2267 569 2325 humanam

166 2422 181 2471 9
201 2416 274 2471 Chrr
290 2434 313 2470 c.
329 2422 389 2471 518.
463 2424 495 2472 21
516 2418 589 2472 Chir
606 2435 628 2471 c.
649 2424 708 2472 519.

166 2566 181 2613 1
200 2559 353 2614 trahuntur
370 2561 410 2614 cd.
423 2579 467 2629 ιιν.
483 2563 511 2616 Α
538 2564 542 2627 Ι
566 2560 725 2629 perducunt
725 2578 759 2613 ur
777 2563 804 2615 A
827 2562 835 2629 ΙΙ
859 2566 874 2613 2
894 2559 1037 2630 ingressus
1057 2561 1085 2614 A
1103 2559 1112 2632 Η

93 2631 171 2686 31ta
189 2631 276 2686 utrd.
289 2650 332 2701 pr
347 2633 374 2686 A
391 2634 395 2699 Ι
412 2632 522 2688 adteri.
537 2649 587 2687 om.
602 2634 643 2686 ed.
655 2650 699 2701 pr.
715 2633 762 2700 ΡΙΙ
778 2638 793 2686 5
812 2632 933 2685 locus.
950 2630 1112 2702 .fumigan-

93 2703 145 2757 dus
165 2703 275 2757 ested
278 2720 324 2772 pr
340 2705 367 2758 A
386 2707 396 2772 ll
417 2710 432 2757 6
452 2719 504 2757 ova
522 2702 647 2775 gallinae
665 2704 742 2773 prius
763 2704 790 2756 A
809 2703 843 2756 de
862 2675 971 2773 gallina
990 2706 1017 2758 P
1041 2703 1077 2772 Ι
1070 2722 1112 2756 ιιι-

93 2774 225 2863 fundende
244 2809 269 2863 L
289 2808 396 2864 fuderis
415 2810 443 2863 P
459 2809 590 2865 infundes
608 2812 697 2879 edpr
700 2810 747 2863 ,Α
774 2811 783 2876 Η
811 2809 1006 2865 8suffimento
1025 2812 1052 2865 L
1071 2812 1111 2865 fo-

93 2884 219 2936 mentum
238 2883 317 2951 ΑΡΙ
334 2880 497 2935 sclaricabis
511 2881 538 2934 L
551 2884 560 2950 ΙΙ
575 2887 590 2934 9
610 2881 743 2935 candenti
761 2879 835 2934 ferro
855 2881 995 2935 comburis
1014 2882 1054 2935 ed.
1066 2900 1110 2951 pr.

95 2955 121 3008 A
140 2969 219 3025 sang.
233 2952 319 3007 flucre
337 2952 383 3006 fac
401 2951 446 3005 vel
464 2969 514 3006 ure
529 2952 661 3006 candenti
679 2951 804 3006 cauterio
821 2952 884 3006 loca
898 2956 946 3022 Pp
963 2959 995 3006 10
1015 2955 1113 3023 attigit

94 3026 133 3077 ed.
145 3042 190 3094 pr
192 2972 262 3079 g‘att
306 3025 373 3078 tA
395 3026 405 3092 ll
428 3030 458 3076 11
480 3023 622 3078 corticulis
642 3026 669 3078 A
689 3023 822 3077 articulos
841 3027 881 3078 cd.
893 3042 937 3093 pr.
964 3025 1001 3094 l
992 3043 1022 3078 ιιι
1041 3025 1111 3079 locis

93 3112 241 3150 nervorum
258 3114 277 3148 u
302 3095 447 3149 omodo
439 3114 468 3149 ιιι
489 3095 528 3149 ali
529 3111 629 3165 q.uap
645 3112 667 3148 c.
683 3113 710 3164 p.
725 3097 754 3150 P
769 3098 779 3164 ιι
798 3100 831 3148 12
851 3096 977 3150 cauteria
996 3100 1023 3151 A
1039 3098 1068 3161 Ι
1060 3107 1112 3149 nn·

94 3183 182 3234 ponas
200 3168 240 3222 cd.
254 3184 300 3235 pr.
316 3169 343 3222 A
360 3170 364 3234 1
381 3166 483 3221 adusto
502 3184 525 3221 e.
539 3183 622 3221 nervo
641 3166 686 3220 vel
700 3165 820 3220 articulo
834 3168 862 3221 P
887 3171 896 3235 ll
920 3174 954 3222 14
971 3171 1005 3221 ut
1018 3171 1111 3226 aut.

96 3240 552 3380 llpsscgcflsstlillt
570 3240 748 3381 flagiti
762 3238 860 3379 &Ab
873 3239 903 3364 {l
918 3211 1113 3377 liccat

97 3383 122 3434 A
135 3384 144 3448 li
159 3386 191 3435 19
212 3380 277 3434 aliis
296 3382 379 3436 credo
394 3380 467 3435 albis
482 3385 509 3436 A
528 3381 600 3435 albis
615 3381 698 3436 credo
714 3383 754 3437 ed.
765 3399 810 3450 pr.
828 3385 833 3452 Ι
849 3380 907 3435 mal
925 3384 1048 3435 attecum
1068 3381 1114 3434 vel

96 3452 234 3519 cyminum
251 3453 278 3506 L
292 3455 301 3522 ΙΙ
316 3453 376 3507 20'
368 3470 440 3506 mv.
460 3455 500 3507 ed.
510 3471 555 3522 pr.
571 3454 661 3507 Pom.
676 3455 727 3520 All
746 3459 777 3506 21
795 3452 878 3506 multi
897 3468 961 3506 vcro
981 3454 1014 3506 st
1035 3453 1112 3507 suilli

97 3539 115 3574 r
131 3525 180 3593 ΡΙ
206 3521 262 3577 mcl
276 3524 403 3578 Atticum
417 3541 481 3577 curn
494 3542 519 3577 v
529 3524 569 3578 ed.
579 3542 629 3593 ιιι.
635 3524 662 3579 A
675 3526 685 3595 Ιι
700 3529 733 3577 23
748 3522 848 3577 addito
862 3522 932 3577 lotio
949 3523 1070 3578 hominis
1085 3527 1113 3579 P
