2509 3892
127 158 194 222 234
569 158 704 213 vuueri

92 329 159 385 lin
182 328 251 387 sole.
297 327 384 387 Folia
401 328 598 387 rhododafnes
623 347 690 387 oum
709 330 774 388 oleo
797 333 897 389 vetere
916 329 1067 407 decoques
1093 330 1159 390 ad·

126 416 191 474 dita
213 417 279 492 pice
301 417 417 493 liquida
440 421 471 477 et
493 422 577 477 aceto
602 422 632 477 et
655 437 735 477 cera:
764 423 878 477 certum
903 422 949 478 est
972 420 1008 479 de
1030 422 1160 497 experi-

125 508 225 564 mento
257 506 428 565 remedium.
479 507 649 565 Memineris
686 510 786 566 tamen
820 510 853 566 in
889 510 971 567 omni
1004 511 1159 568 unctione

125 597 229 654 contra
251 595 347 670 pilum
373 598 540 655 iumentum
568 595 601 654 in
627 597 688 655 sole
712 597 879 658 diutissime
910 598 1157 657 confricandum.

170 800 172 802 ’
234 802 431 867 CXXXVI.
456 803 493 868 Si
516 804 639 869 animal
658 808 753 887 foeno
776 806 860 871 uculo
884 806 1034 871 laedatur.
1187 834 1201 876 e

14 925 53 966 m
61 927 86 966 It
94 924 161 967 Geen.

14 978 144 1020 Πήρη
207 933 356 992 Vitiatum
387 934 489 1010 aliquo
519 954 590 994 casu
618 935 666 995 vel
698 935 851 995 mucidum
886 936 1007 995 faenum
1034 936 1072 994 ad
1106 939 1156 996 si-

161 1023 361 1082 militudinem
402 1026 509 1082 veneni
550 1024 729 1084 animalibus
772 1029 872 1099 nocet,
915 1045 1041 1100 quorum
1083 1028 1155 1085 ista

123 1114 195 1171 sunt
217 1113 316 1189 signa:
345 1112 444 1171 oculos
467 1112 619 1172 habebunt
643 1132 735 1191 vagos
759 1132 875 1190 semper
897 1116 1055 1188 micantes,
1078 1117 1152 1191 ipse

122 1200 234 1280 gradus
261 1221 363 1260 eorum
392 1202 523 1260 incertus
551 1205 616 1261 erit.
662 1202 718 1261 His
750 1203 785 1262 de
815 1204 940 1262 matrice
964 1204 1149 1264 auferendus

122 1293 168 1349 est
191 1293 325 1368 sanguis,
353 1290 595 1349 debrachiolandi
622 1295 693 1350 sunt
716 1292 808 1351 etiam
836 1294 866 1351 et
895 1292 1075 1368 potionandi
1098 1296 1149 1353 ita
1166 1316 1196 1356 ro

122 1380 227 1439 caricis
250 1382 283 1438 in
312 1381 382 1438 vino
412 1379 536 1438 odorato
564 1380 693 1439 decoctis
721 1400 897 1456 rursumque
927 1381 1060 1441 detritis:
1092 1382 1147 1441 ab·

121 1470 251 1528 stinendi
266 1469 303 1527 ab
317 1468 436 1542 hordeo,
456 1468 607 1530 addendae
622 1472 693 1529 sunt
711 1469 803 1529 etiam
817 1470 979 1529 diureticae
994 1473 1145 1546 potiones.

284 1676 498 1742 CXXXVII.
522 1677 560 1742 Si
581 1678 693 1744 hordeo
716 1678 800 1742 mulo
823 1678 973 1743 laedatur.

13 1797 159 1840 ffl⁷³s³⁰³¹l
206 1806 305 1866 Simili
328 1807 533 1868 observatione
566 1812 710 1867 curantur
737 1810 790 1885 qui
817 1808 910 1867 nimio
938 1809 1050 1867 hordeo
1078 1830 1146 1869 ma-

13 1853 143 1894 ruscha.
160 1895 249 1971 loque
270 1896 437 1960 laeduntur.
471 1896 528 1957 Sed
547 1899 580 1955 hi
601 1900 693 1957 etiam
711 1898 744 1957 in
764 1916 843 1973 aqua
862 1897 972 1976 frigida
998 1897 1146 1959 adversus
1160 1921 1189 1961 1⁵

119 1987 284 2044 torrentem
311 1986 478 2046 diutissime
508 1987 686 2046 detinentur.
732 1986 875 2062 Utrisque
886 1985 1068 2046 *remedium
1096 1991 1147 2048 est

120 2074 293 2150 pelliculam
322 2075 485 2135 daventre
512 2077 588 2151 pulli
615 2078 758 2135 siccatam
785 2077 868 2135 fumo
890 2075 1025 2135 deterere
1056 2076 1146 2136 addi-

120 2166 219 2240 tisque
237 2164 313 2222 VIII
331 2183 426 2240 scrup.
446 2167 568 2241 piperis,
587 2164 631 2222 IV
649 2165 831 2224 coclearibus
850 2166 947 2224 mellis
967 2168 998 2224 et
1016 2166 1145 2241 pollinis

120 2272 155 2312 ex
177 2256 245 2313 ture
272 2273 339 2313 cum
362 2255 490 2313 sextario
520 2256 584 2313 vini
613 2256 721 2313 veteris
748 2256 897 2330 tepefacto
924 2273 979 2330 per
1002 2273 1034 2314 os
1059 2255 1143 2314 dare.

192 2412 206 2459 1
227 2406 283 2461 Pel.
300 2424 322 2460 c.
339 2411 398 2460 361,
477 2411 493 2457 6
512 2404 568 2459 Ρ61.
585 2423 607 2460 o.
623 2411 683 2459 291.
762 2411 795 2461 lo
814 2404 871 2459 Pel.
887 2423 910 2459 c.
926 2410 978 2458 290
998 2405 1142 2477 (Emeriti)

120 2476 155 2530 cf.
174 2477 239 2548 Veg.
254 2478 280 2530 H
299 2484 359 2545 116,
374 2482 398 2530 3.

192 2626 205 2673 1
225 2619 296 2674 folia
314 2620 349 2675 de
368 2618 537 2674 rododafnee
556 2620 595 2674 cd.
607 2636 652 2688 pr.
680 2620 690 2688 l
702 2623 728 2690 {a
749 2621 778 2672 et
795 2635 846 2688 per
864 2621 976 2673 acetum
994 2622 1025 2673 et
1044 2636 1142 2675 oetam

118 2689 259 2759 liquidum
276 2693 320 2745 eet
338 2690 365 2745 A

191 2763 262 2817 ode
275 2761 295 2814 f.
309 2780 345 2815 m.
361 2761 386 2815 L
400 2764 410 2831 l
424 2767 440 2815 6
455 2761 624 2829 aliquotiens
639 2760 683 2815 vel
697 2759 838 2815 modicum
851 2759 870 2814 f.
886 2763 913 2815 A
926 2762 935 2830 {l
949 2766 966 2815 8
981 2764 1011 2816 et
1028 2778 1142 2832 semper

118 2833 159 2888 ed.
170 2850 215 2902 pr.
231 2835 305 2902 ΑΡΙ
322 2833 397 2903 ipsos
416 2850 457 2903 gr.
473 2833 499 2886 L
517 2833 625 2886 incedit
642 2832 734 2903 gradu
751 2832 874 2886 incertus
892 2834 920 2886 P
936 2834 944 2900 l
964 2838 998 2886 10
1018 2834 1054 2887 de
1073 2834 1142 2889 bra·

119 2903 219 2958 chiolie
238 2904 439 2959 flebotomandi
457 2907 523 2958 eunt
541 2907 611 2974 etp.
631 2906 671 2959 ed.
682 2921 727 2973 pr.
742 2905 770 2959 A
789 2906 818 2958 et
836 2904 871 2957 de
884 2903 1051 2971 brachiolis3
1071 2909 1141 2961 eunt

118 2975 264 3045 p.P1ita
282 2977 437 3032 om.Pdcl.
455 2976 535 3031 Genu.
550 2979 559 3045 ΙΙ
575 2983 606 3030 11
626 2976 732 3030 carisce
751 2976 837 3044 Llc.
853 2978 882 3029 et
899 2977 965 3030 v.P
984 2978 988 3044 Ι
1009 2993 1066 3045 qne
1085 2994 1139 3032 om.

118 3047 159 3101 ed.
169 3064 214 3115 pr.
230 3050 257 3102 A
273 3050 277 3117 Ι
294 3047 478 3102 abscindendi
494 3048 590 3117 01112
610 3050 639 3100 et
657 3048 702 3101 ad.
718 3048 746 3103 A
764 3047 801 3100 ab
819 3046 846 3099 h.
866 3048 895 3099 et
912 3045 1003 3112 faeno,
1023 3048 1139 3103 dandae

118 3117 205 3171 etiam
224 3121 263 3174 ed.
274 3137 319 3188 pr.
336 3122 340 3188 Ι
357 3119 506 3173 duritioiae
525 3120 564 3173 ed.
576 3137 620 3188 pr.

190 3196 224 3243 14
243 3206 315 3259 qnae
340 3191 380 3245 ed.
395 3209 441 3260 pr,
460 3193 487 3245 A
506 3190 576 3244 haec
601 3206 674 3259 quae
693 3192 721 3245 P
753 3191 757 3257 Ι
791 3191 841 3243 aut
863 3188 937 3242 malo
962 3190 1003 3244 cd.
1019 3208 1065 3260 pr.
1080 3192 1139 3262 ΑΙ

120 3265 153 3313 15
172 3260 249 3326 Quae
269 3263 293 3315 si
311 3262 340 3315 in
356 3305 361 3315 .
379 3305 384 3314 .
400 3306 405 3317 .
422 3261 595 3326 detinentur,
617 3262 693 3315 idern
711 3260 868 3330 pericnlum
886 3259 1011 3315 incurrit.
1031 3263 1137 3331 quibus

117 3332 245 3400 utrisque
266 3333 382 3403 prodest
404 3332 538 3402 pellicula
555 3375 560 3384 .
577 3374 582 3384 .
599 3374 604 3384 .
619 3332 689 3386 trita
707 3334 735 3387 P
769 3334 778 3400 l
812 3338 844 3386 16
862 3331 946 3400 utriq.
965 3333 1006 3387 ed.
1019 3349 1063 3402 pr.
1079 3335 1108 3390 A
1126 3336 1137 3406 ΙΙ

119 3407 152 3455 17
171 3403 305 3471 pellicula
321 3447 326 3458 .
343 3447 348 3456 .
366 3447 371 3457 .
387 3404 493 3458 siccata
507 3403 533 3456 L
546 3404 555 3472 ΙΙ
571 3409 603 3457 18
623 3405 653 3457 et
670 3403 754 3457 uncia
770 3402 885 3472 pollinis
899 3402 938 3457 ed.
950 3421 994 3472 pr.
1012 3406 1016 3472 Ι
1032 3404 1135 3459 addita

117 3474 310 3614 serra
324 3473 787 3615 reiteraretur>
803 3472 971 3600 rau
1079 3477 1135 3550 12„
