2509 3892
445 135 585 190 uvion.
604 136 630 189 n
648 142 693 204 41,
711 142 745 189 42
1037 136 1100 201 135

95 304 196 382 digitis,
217 306 263 363 ita
284 307 322 362 ut
343 306 462 362 tentum
485 307 577 381 spatii
599 307 641 364 sit
662 306 741 363 inter
763 306 882 381 regulas
906 306 1046 383 alligatas
1070 310 1101 365 et

95 412 220 467 conexas,
248 396 279 451 et
301 394 364 453 lino
394 395 586 471 constringes.
628 393 669 451 Et
691 396 717 453 si
740 395 837 452 aestas
859 395 964 468 fuerit,
993 398 1100 469 quater

94 482 122 538 in
150 482 194 540 die
226 481 388 557 suffundis;
421 483 447 540 si
483 483 591 555 hiems,
627 482 682 541 bis.
733 480 808 540 Cum
844 482 955 541 nodum
986 484 1099 558 fecerit,

85 570 201 653 ,regulas
237 571 335 630 solves
374 571 422 629 die
459 573 707 649 quiuquagesimo
740 573 770 629 et
803 572 914 645 prim03
944 574 1012 646 post
1045 593 1100 631 un-

73 659 231 718 sctionibus
261 661 369 732 uteris,
399 659 492 718 donec
520 660 558 719 ad
580 661 742 719 sanitatem
772 657 928 734 perducas
976 658 1010 718 Si
1038 657 1100 719 tar·

95 746 152 806 dius
181 747 417 823 confirmabitur,
451 768 517 807 ures
549 750 734 808 reticulatim
764 751 794 807 et
828 744 999 808 solemniter
1025 753 1099 808 ,usta

94 837 205 897 curabis.
988 834 992 837 ’

168 990 280 1056 XLII.
303 990 354 1056 De
376 990 560 1055 malandrio
582 992 603 1054 c'.
622 993 660 1056 de
682 991 859 1056 columbas
881 991 1013 1055 cervias.

15 1187 17 1198 Α
152 1119 182 1177 Si
199 1123 332 1180 iumento
351 1121 550 1180 malandriam
571 1121 606 1179 de
625 1122 738 1180 cervice
758 1122 874 1178 auferre
893 1121 1032 1194 volueris,
1057 1131 1203 1172 11142801111-

15 1217 16 1280 j
60 1208 130 1266 reita
151 1209 246 1269 facies.
294 1209 459 1269 Gaudentia
485 1211 569 1286 prius
597 1211 730 1268 cauteria
756 1208 962 1286 praeparabis,
992 1209 1097 1268 deinde
1201 1226 1202 1230 ’

15 1297 16 1376 J
92 1296 260 1358 ferramento
288 1298 462 1358 decamebis
490 1301 545 1372 sic,
575 1317 612 1356 ne
635 1316 741 1358 nervos
764 1300 885 1377 tangas,
913 1302 943 1356 et
965 1300 1097 1373 venulae,

15 1419 16 1464 4
91 1405 271 1463 quascunque
294 1388 404 1446 videris
432 1388 567 1445 emittere
597 1389 786 1464 sanguinem,
810 1387 923 1460 aduris,
947 1390 982 1445 ut
1003 1389 1098 1463 possit

15 1499 17 1554 j
90 1478 192 1535 cruoris
223 1476 320 1535 fluxus
349 1475 486 1534 inhiberi.
539 1473 618 1533 Cave
648 1479 762 1549 autem,
791 1494 828 1534 ne
858 1478 998 1535 cauteriis
1029 1477 1097 1551 plus

15 1561 16 1574 ¹
89 1563 187 1623 edures
211 1568 242 1623 et
268 1564 473 1642 indignatione
503 1582 662 1624 nervorum
691 1565 857 1641 periculum
879 1564 981 1623 facias.
1026 1564 1131 1624 Poste

15 1667 16 1696 1
57 1654 209 1730 aexungia
244 1655 339 1712 veteri
380 1655 524 1726 cervicem
560 1652 736 1729 perfricabis
773 1656 803 1711 et
839 1654 933 1711 fascia
973 1655 1096 1713 munies.

89 1738 222 1815 Sequenti
245 1759 363 1817 quoque
381 1743 429 1801 die
452 1742 637 1816 cataplasma
659 1743 811 1817 imponere
834 1743 959 1817 incipies
983 1741 1096 1801 ablato·

88 1846 139 1902 que
155 1831 270 1889 fervore
288 1831 362 1890 lotio
381 1830 477 1903 calido
496 1829 619 1904 fovebis,
642 1830 748 1889 deinde
767 1833 850 1890 aceto
869 1833 900 1889 et
918 1831 983 1890 oleo
1002 1829 1097 1890 dilues

15 1923 17 1970 ξ
88 1919 114 1973 et
134 1918 354 1978 medicamentis
378 1920 456 1995 aptis
480 1918 605 1979 curabis.
652 1919 686 1977 Si
708 1921 769 1978 iam
792 1919 903 1978 videris
928 1921 1097 1978 cicatricem

15 1997 17 2088 1
88 2006 157 2077 pilos
185 2026 340 2082 renovare,
370 2009 523 2085 pulverem
554 2028 588 2066 ex
618 2009 725 2067 canino
757 2010 855 2083 capite
886 2008 1038 2068 combusto
1066 2012 1096 2066 et

15 2099 17 2168 ζ
55 2093 197 2170 uadipem
227 2097 349 2155 suillum
380 2101 529 2156 recentem
557 2098 717 2173 permisces
747 2098 778 2154 et
806 2096 936 2155 inducis:
972 2115 1006 2154 ex
1036 2116 1095 2172 quo

15 2189 17 2252 1
87 2183 293 2245 medicamento
307 2188 337 2243 et
351 2186 464 2245 sanitas
479 2187 670 2261 consequitur
683 2187 714 2244 et
726 2185 858 2260 pilorum
871 2184 950 2243 redit
964 2188 1094 2244 ornatus.

152 2359 166 2405 2
185 2352 257 2407 Cbir.
273 2371 296 2408 c.
312 2359 371 2416 517.
446 2359 461 2407 9
481 2353 555 2408 chir.
570 2371 593 2407 c.
609 2358 669 2407 568.
744 2359 777 2407 16
796 2351 870 2406 cuir.
887 2369 910 2406 c.
926 2358 986 2405 569.

89 2461 292 2472 ξ-

152 2513 283 2584 ldigitie
298 2513 399 2582 amplis
417 2513 459 2566 ita
473 2515 501 2567 A
514 2517 553 2583 112
573 2529 607 2566 ex
621 2512 680 2567 lino
695 2511 865 2583 constringis
880 2515 908 2567 A
921 2515 960 2582 113
979 2512 1094 2567 modum

86 2582 150 2652 vulp.
160 2600 226 2638 corr.
239 2586 314 2641 Geir.
332 2587 336 2653 1
352 2584 452 2639 feceris
462 2586 494 2639 A
503 2587 513 2654 11
527 2584 606 2638 thoc
618 2584 665 2638 die
674 2586 746 2654 culp.
761 2586 770 2653 11
785 2585 886 2637 cunct.
897 2583 1037 2637 veteribus
1047 2586 1075 2638 A
1087 2585 1090 2655 1
1108 2645 1109 2650 1

15 2693 16 2742 1
87 2652 159 2708 tarde
168 2657 195 2710 A
208 2658 217 2724 1
231 2662 247 2709 6
263 2655 439 2710 confirmabit
452 2657 492 2710 cd.
500 2674 544 2725 pr.
562 2656 566 2727 1
582 2654 655 2708 vires
669 2654 820 2724 regulatim
835 2657 865 2708 et
874 2673 894 2708 s.
905 2656 945 2710 cd.
952 2674 997 2725 pr.
1014 2657 1019 2721 1
1034 2654 1093 2709 nris

15 2751 17 2786 ;
88 2724 111 2777 A
124 2728 168 2793 pai
181 2730 209 2781 et
223 2743 273 2781 orn.
289 2729 298 2795 11
312 2746 339 2796 p.
351 2733 411 2794 134,
422 2731 455 2780 19
466 2758 499 2768 -
509 2746 537 2796 p.
550 2732 610 2793 135,
621 2732 636 2779 7
652 2729 691 2782 sic
704 2728 736 2779 c'a
745 2728 784 2780 P:
802 2725 951 2794 colatamq.
962 2725 1093 2781 miscebis

15 2789 16 2834 ἶ
86 2796 112 2847 et
127 2813 188 2851 cum
206 2798 259 2852 hoc
277 2800 421 2867 unguento
441 2798 535 2852 calido
550 2797 687 2851 cervicem
706 2798 732 2850 d.
752 2796 870 2851 infunde
889 2800 917 2851 et
936 2813 1093 2865 superpone

15 2871 16 2908 1
86 2867 209 2936 stuppam
222 2868 345 2922 infusam
360 2868 422 2923 oleo
440 2869 537 2938 tepido
552 2871 582 2923 et
598 2869 664 2922 vino
678 2869 794 2937 ligando
814 2869 929 2938 optime,
947 2868 1093 2922 ueletiam

15 2971 16 3006 3
85 2934 171 2992 lunam
193 2939 321 2994 sucidam
344 2955 417 3009 quae
442 2940 542 2995 melior
566 2942 622 3006 est3
649 2955 806 3009 superpone
831 2939 946 2994 catellas
972 2940 1094 3009 quatuor

15 3049 16 3068 1
85 3006 174 3077 digitis
188 3011 262 3065 latas
276 3011 334 3065 lino
350 3011 497 3065 obvolutas
512 3014 541 3065 et
554 3010 614 3081 liga
629 3011 768 3064 decenter.
800 3010 838 3063 Et
851 3011 875 3063 si
892 3011 984 3064 aestas
998 3010 1093 3077 fuerit,

84 3083 175 3145 quater
192 3082 223 3135 in
241 3082 288 3136 die
306 3081 458 3136 suffimdes.

148 3154 217 3207 ssde
235 3153 349 3207 vulnere
367 3154 482 3208 cervicis
500 3153 577 3207 dicto
595 3171 632 3206 m.
648 3155 696 3223 Ρ11
717 3158 732 3205 9
751 3152 910 3206 malandria
927 3154 968 3207 cd.
978 3170 1023 3222 pr.
1039 3155 1067 3207 A
1083 3151 1094 3224 11

15 3233 16 3240 ’
86 3225 112 3273 11
130 3224 216 3277 etsie
235 3225 419 3278 custodiendo
433 3241 532 3279 nervos
550 3224 665 3278 venulas
682 3266 687 3276 .
704 3267 709 3277 .
726 3241 733 3277 .’
747 3224 834 3277 adure
853 3226 880 3278 P
894 3227 898 3293 1
914 3226 947 3277 ut
964 3241 991 3277 n.
1006 3225 1026 3277 t.
1042 3225 1070 3278 A

15 3331 16 3334 ,
86 3296 114 3344 13
131 3295 339 3349 cave—facias
358 3312 408 3350 om.
423 3298 452 3350 P
482 3299 487 3365 1
520 3295 585 3365 plus
604 3312 655 3350 om.
671 3297 699 3349 A
726 3297 735 3364 11
768 3300 801 3348 14
820 3311 885 3348 uras
905 3296 934 3347 et
952 3310 986 3348 ex
1004 3294 1022 3348 i.
1038 3296 1066 3349 A
1083 3228 1093 3365 dd

15 3389 16 3404 1
85 3365 112 3413 11
131 3381 183 3433 que
205 3383 256 3420 om.
272 3368 300 3420 A
337 3367 341 3436 1
384 3366 497 3420 ferunta
519 3368 559 3421 cd.
575 3384 619 3437 pr.
641 3367 668 3420 A
686 3366 794 3420 fervore
812 3367 840 3419 P
860 3364 968 3419 fervore
990 3372 1016 3420 ct
1037 3364 1092 3418 fer·

15 3431 16 3452 ¹
78 3448 144 3489 oute
158 3437 230 3491 Obir.
244 3439 255 3505 1
270 3443 302 3490 17
318 3437 427 3491 aloceo
442 3439 470 3491 A
485 3440 489 3505 1
506 3440 535 3490 et
549 3437 652 3492 deinde
665 3439 693 3491 A
707 3441 716 3504 11
731 3441 763 3489 18
783 3436 808 3489 ai
818 3466 851 3476 —
862 3441 895 3488 21
910 3438 1025 3488 ornatus
1039 3453 1090 3489 om.

15 3455 170 3887 [19
190 3508 346 3562 comburito
360 3508 386 3561 A
399 3511 408 3577 11
423 3515 455 3561 21
475 3508 580 3563 redibit
597 3510 625 3562 A
