2509 3892
455 144 651 200 nunonis
669 149 725 212 cs
1034 146 1097 211 251

78 316 180 396 gratia
197 314 404 374 discernuntur
426 334 445 374 a
468 315 587 375 ceteris:
610 313 721 392 gradus
740 316 785 375 est
802 315 945 391 minutus,
969 315 1047 374 celer
1069 317 1101 374 et

79 403 134 481 qui
163 404 314 464 sedentem
343 403 469 463 delectet
498 406 529 464 et
558 404 668 481 erigat,
699 421 754 463 nec
783 405 847 462 erte
876 403 1018 464 doceatur
1049 403 1102 463 sed

77 496 205 553 naturae
234 493 319 553 velut
347 494 412 551 iure
441 495 619 569 praestetur.
664 492 748 551 Inter
776 492 937 553 tolutarios
967 494 1047 553 enim
1069 495 1135 553 eti

78 600 144 657 eos,
173 601 246 659 quos
275 583 441 642 totonsrios
464 583 572 660 vulgus
601 582 748 658 appellat,
778 581 971 641 ambulatura
998 601 1101 642 eorum

50 672 177 731 smedia
200 673 246 731 est
268 673 299 730 et
328 690 397 731 cum
420 672 535 731 neutris
557 671 598 731 sit
620 670 737 745 similis,
759 670 869 730 habere
891 670 1022 731 creditur
1045 671 1100 731 ali·.

78 760 152 837 quid
174 760 212 819 ab
241 763 369 837 unoque
391 779 554 820 commune.
600 759 670 835 His,
698 760 775 819 sicut
797 758 957 836 probatum
980 763 1038 835 est,
1067 760 1134 821 ins

77 849 163 908 brevi
185 850 314 927 amplior
341 851 453 928 gratia,
482 849 515 907 in
541 849 658 926 prolixo
685 850 794 909 itinere
823 849 921 909 minor
942 850 1100 926 patientia,

78 940 197 998 animus
219 939 363 1016 superbus
386 942 416 998 et
438 939 498 998 nisi
520 938 622 998 lebore
645 939 821 1016 subiugetur
844 939 973 1014 assiduo,
995 938 1100 998 adver·

78 1045 144 1087 sum
178 1030 311 1104 equitem
345 1031 517 1103 contumax3
551 1046 634 1088 mens
668 1030 771 1087 tamen
799 1027 929 1105 prudens
959 1030 990 1088 et
1020 1028 1101 1105 quod

39 1135 65 1178 ιο
77 1119 188 1176 mirum
206 1118 296 1176 sitin
314 1119 401 1176 tanto
420 1118 545 1192 fervore,
563 1118 739 1176 cautissime
757 1116 879 1193 decoris,
896 1118 1054 1178 incurvata
1066 1118 1100 1176 in

78 1224 180 1265 arcum
203 1207 317 1280 cervix,
346 1208 381 1265 ut
403 1209 537 1266 mentum
557 1205 728 1266 recumbere
756 1206 894 1267 videatur
915 1207 948 1266 in
970 1208 1100 1284 pectore

356 1413 432 1479 VII.
454 1413 505 1480 De
528 1415 713 1498 temporibus
735 1415 825 1479 vitoe.

142 1542 237 1603 Aetas
265 1544 412 1622 longaeva
439 1542 552 1619 Persis,
581 1544 735 1621 Huniscis,
763 1545 897 1621 Epirotis
921 1563 956 1604 ac
979 1543 1026 1603 Si·
1056 1537 1189 1634 ffiggffi

77 1633 165 1709 culis,
195 1632 313 1692 brevior
335 1631 479 1710 Hispanis
508 1653 542 1693 ac
564 1633 713 1694 Numidis.
749 1633 901 1710 Frequens
924 1634 1025 1710 opinio

39 1725 123 1781 esest
144 1721 309 1781 barbaricis
330 1722 482 1781 nullarum
505 1725 662 1800 potionum
689 1722 889 1783 adhibendam
910 1723 1099 1799 medicinam,

77 1810 157 1888 quod
187 1829 282 1888 usque
311 1811 385 1870 adeo
415 1815 541 1870 naturae
568 1811 711 1872 beneficio
741 1813 965 1888 convalescant,
994 1812 1098 1873 uthis

75 1901 215 1959 nocitura
245 1902 285 1959 sit
312 1919 390 1959 cura.
438 1899 496 1960 Sed
528 1901 605 1960 falsa
636 1903 694 1961 erit
722 1903 782 1960 ista
811 1902 972 1979 persuasio.
1018 1901 1100 1961 Nam

76 1992 191 2065 quanto
214 1989 341 2048 fortiora
363 1991 434 2050 sunt
454 1990 600 2067 membra,
623 1993 717 2062 tanto·
734 1991 848 2052 diutius
871 1990 991 2066 vivunt,
1014 1992 1040 2050 si
1063 2010 1099 2050 ex

149 2165 184 2214 14
202 2157 238 2212 cf.
252 2157 322 2230 Veg.
336 2157 363 2212 Π
380 2158 451 2229 prob

149 2326 164 2374 1
185 2334 203 2372 a
221 2319 334 2390 ceteris]
353 2318 419 2373 cin’s
438 2320 465 2374 L
481 2322 485 2389 1
507 2318 634 2373 minutus
653 2322 682 2374 et
700 2319 797 2375 creber
815 2320 855 2374 ed.
868 2337 912 2388 pr.
927 2320 955 2374 P
970 2318 1098 2375 minutus

73 2389 165 2446 oleret
178 2391 207 2446 A
219 2392 259 2460 112
279 2392 308 2444 et
321 2407 372 2445 om.
388 2390 416 2444 L
434 2393 535 2461 erugat
549 2392 627 2461 Ρ113
647 2393 781 2446 anaturs
793 2408 836 2460 pr.
853 2393 882 2447 P
897 2390 985 2445 veluti
999 2391 1039 2446 ed.
1050 2408 1096 2460 pr.

74 2462 102 2516 A
129 2465 133 2534 1
158 2461 233 2533 iure]
251 2461 271 2515 f.
291 2461 472 2531 impriscione
490 2479 585 2534 morpo
600 2461 627 2516 L
645 2479 676 2518 re
689 2464 718 2519 A
748 2464 753 2532 1
784 2462 929 2517 inter-6
949 2478 1097 2517 commune

74 2550 126 2588 om.
141 2534 188 2603 ΡΙ
203 2532 353 2588 totularios
367 2532 395 2586 L
408 2532 559 2588 colatorios
574 2534 613 2590 ed.
622 2552 666 2602 φν.
680 2533 905 2589 intestnlatorios
920 2533 995 2588 enim
1009 2550 1097 2603 equos

73 2605 235 2659 totonarins
253 2603 354 2674 vulgus
369 2605 488 2673 111116
508 2622 572 2658 cum
590 2605 683 2660 vernis
697 2605 735 2660 sit
753 2624 774 2661 s.
789 2606 818 2661 A
833 2608 837 2676 1
855 2623 918 2660 curn
932 2605 1025 2660 nentri
1040 2606 1097 2660 sint

74 2675 193 2746 similes,
206 2675 311 2731 habere
325 2674 435 2743 aliquid
449 2675 601 2730 creduntur
610 2677 647 2732 ab
660 2677 789 2746 utrisque
805 2692 953 2732 commune
968 2677 1041 2731 sicut
1054 2694 1095 2746 pr.

73 2750 120 2802 est
133 2748 175 2803 ed.
185 2748 255 2817 φν.’11
270 2752 284 2800 7
305 2745 427 2817 amplius
441 2747 553 2817 gratiae
566 2749 607 2803 cd.
617 2766 663 2818 pr.
678 2748 801 2819 amplius
815 2748 910 2818 gratia
923 2750 952 2803 A
968 2751 972 2818 1
989 2747 1097 2803 saevior

73 2818 218 2889 patientia
236 2816 277 2874 ed.
289 2835 333 2887 pr.
352 2836 373 2873 s.
393 2819 522 2889 potentia
541 2820 569 2874 A
591 2821 600 2890 11
623 2825 640 2873 8
659 2823 689 2875 et
706 2837 756 2874 om.
772 2821 800 2875 L
824 2823 828 2891 1
852 2820 1020 2890 subiugatur
1038 2821 1100 2875 ΑΡ

74 2890 245 2961 subiugatos
264 2889 304 2944 ed.
315 2907 360 2960 pr.
377 2892 382 2959 1
398 2889 510 2944 assidue
528 2892 625 2960 odor.
641 2891 721 2961 11119
740 2908 819 2947 mens
837 2894 950 2947 tumens
972 2891 1099 2961 prudens

73 2963 115 3017 esi.
127 2979 173 3030 pr.
188 2963 198 3032 1
213 2965 246 3015 10
265 2962 310 3015 est
327 2962 367 3016 ed.
379 2979 423 3030 pr.
441 2961 470 3017 A
485 2963 489 3032 1
505 2961 599 3017 furore
617 2964 646 3017 P
673 2964 677 3033 1
707 2965 789 3018 ceute
809 2979 839 3019 se
858 2979 876 3017 a
895 2963 1016 3019 decuriis
1035 2979 1096 3017 cur-

74 3036 142 3087 vata
155 3032 183 3086 L
202 3031 366 3087 cautissimo
385 3031 480 3087 decori
499 3035 542 3088 est
560 3035 676 3088 curvata
689 3036 718 3090 P
734 3035 912 3091 caustissime
926 3035 1034 3090 decoris
1053 3036 1096 3089 est

75 3104 225 3159 incurvata
233 3103 432 3160 Acantissime
441 3104 550 3159 decoris
565 3106 608 3158 est
621 3104 815 3161 observantior
827 3106 975 3161 incurvata
984 3107 1024 3161 ed.
1031 3123 1076 3175 pr.
1086 3105 1096 3178 11

76 3182 109 3230 11
129 3176 355 3302 ceedmt'mentum
373 3176 401 3231 L
419 3175 525 3230 cervice
543 3175 701 3231 iumentum
719 3177 831 3232 videtur
848 3179 866 3233 i.
882 3197 908 3249 p.
924 3179 952 3234 A
970 3179 1096 3233 mentum

75 3263 126 3303 om.
176 3288 183 3302 .
234 3289 240 3300 .

149 3263 233 3372 ltdd
247 3316 369 3371 multum
383 3316 541 3373 viventibus
551 3319 580 3372 P
590 3320 599 3386 11
614 3323 648 3371 13
662 3318 793 3374 hunnicis
807 3320 847 3374 cd.
855 3337 900 3389 φν.
915 3317 1040 3372 unniscis
1050 3317 1093 3390 A!

4 3373 5 3376 Ἴ
76 3390 106 3446 et
122 3388 232 3460 pyrotis
246 3390 275 3444 P
289 3388 422 3458 hephotis
441 3390 469 3445 A
482 3392 491 3460 1
506 3393 541 3443 14
559 3388 661 3459 Spanis
676 3389 703 3443 L
716 3392 725 3459 11
740 3395 773 3444 15
792 3390 872 3445 nulla
890 3390 1043 3461 (nullorum
1057 3391 1085 3444 A

77 3459 241 3518 adhlbenda
258 3459 447 3515 medicamine
460 3462 501 3515 ed.
512 3479 557 3530 pr.
575 3462 603 3515 A
616 3462 626 3531 1
641 3466 674 3515 16
693 3478 852 3531 quousque
867 3461 929 3518 LA
944 3464 949 3529 1
964 3462 1083 3516 naturae

75 3549 129 3588 nec
143 3534 171 3589 A
187 3535 191 3602 Ι
208 3531 318 3603 aegroti
337 3548 414 3586 conv.
429 3532 469 3586 ed.
480 3550 526 3602 pr.
542 3533 603 3588 AP
617 3535 621 3601 1
638 3532 679 3587 eis
697 3531 737 3586 ed.
750 3550 795 3602 pr.
809 3535 819 3603 11
834 3537 867 3586 17
886 3534 948 3586 erat
965 3532 1006 3586 ed.
1017 3549 1062 3601 pr.
