2509 3892
432 174 573 229 uvion
592 174 631 227 ΙΙΙ
650 180 724 242 9,10
1020 174 1084 238 257

67 346 214 405 sextarios
243 345 406 421 redigatur.
447 344 531 403 Tunc
560 344 681 402 faenum
710 342 856 402 Graecum
883 362 952 402 cum
981 342 1121 403 caricis?

67 438 100 493 et
109 434 298 513 glycyrrhiza
306 435 339 491 in
349 435 493 492 mortario
508 432 623 493 dotores
632 434 797 508 missosque
807 450 875 491 oum
888 432 968 507 faba,
986 434 1087 510 super·

68 523 176 582 fundes
199 525 292 581 etiam
315 522 456 595 calidam,
485 522 518 581 in
541 541 601 598 qua
623 524 739 581 caricae
767 539 834 579 cum
857 521 962 581 ceteris
986 525 1087 582 coctae

68 616 153 672 sunt:
176 613 407 687 contemperatis
426 611 572 686 omnibus,
595 613 622 670 si
639 610 740 686 liquor
757 612 881 687 spissior
898 612 998 683 fuerit,
1021 615 1087 670 tan-

43 705 136 764 atum
159 700 241 776 passi
263 700 363 773 addes,
386 704 421 759 ut
443 720 497 776 per
520 719 612 760 cornu
630 701 719 759 facile
742 700 838 777 possit
860 703 948 774 exire,
971 699 1088 759 diebus·

69 810 127 937 gule
149 790 289 866 plurimis
312 809 348 848 ex
371 808 405 848 eo
428 809 482 865 per
504 808 537 849 os
564 789 698 867 singulos
721 791 866 849 sextarios
894 787 1088 848 tussientibus

89 899 108 938 a
127 897 163 938 rs.
204 904 207 908 ⁴

286 1015 328 1080 X.
352 1015 407 1081 Ad
428 1035 536 1099 cosses,
558 1035 673 1081 comes
695 1015 742 1081 oet
764 1016 872 1082 tineus.

138 1146 254 1220 (lossos,
267 1165 381 1206 vermes
399 1147 448 1204 vel
465 1145 563 1205 tinem
576 1148 733 1221 ceteraque
748 1146 892 1205 animalia
905 1148 1018 1205 ventris
1054 1137 1198 1234 fflggffij

34 1260 57 1299 ro
70 1237 232 1313 extinguit,
260 1236 287 1293 si
315 1236 467 1293 heminam
495 1235 602 1293 cineris
629 1254 664 1293 ex
695 1235 792 1294 olivae
819 1236 902 1314 ligno
929 1235 1019 1294 viridi

71 1325 191 1384 collecti
213 1343 283 1383 cum
309 1323 429 1383 hemina
459 1324 518 1383 olei
539 1323 645 1383 viridis
675 1326 728 1401 per
757 1324 890 1383 triduum
913 1324 1028 1384 dederis
1052 1324 1091 1384 ad

70 1433 172 1473 cornu.
218 1413 289 1471 Alia
313 1431 430 1488 quoque
454 1414 614 1487 confectio,
642 1432 720 1488 quae
743 1413 847 1472 eadem
876 1432 964 1489 saepe
986 1415 1124 1472 morti-2

70 1503 136 1562 fera
158 1502 268 1561 liberat
289 1504 440 1579 passione:
463 1502 595 1579 pulveris
621 1503 768 1561 santonici
793 1504 924 1579 itemque
948 1502 1093 1562 absinthii

70 1591 192 1651 Pontici
217 1611 272 1651 nec
304 1611 364 1651 non
393 1591 492 1667 lupini
523 1591 609 1650 crudi
637 1595 667 1650 et
695 1592 804 1651 herbae
833 1595 1008 1652 centaureae
1038 1611 1092 1651 nec

34 1705 57 1745 ιε
70 1701 132 1740 non
162 1680 255 1740 etiam
284 1682 347 1739 ervi
376 1681 499 1756 pollinis
530 1683 560 1739 et
589 1680 710 1740 seminis
741 1682 842 1740 rafani
873 1681 959 1741 binas
988 1683 1092 1741 uncias
1188 1703 1190 1707 ’

70 1773 175 1829 mittes
198 1769 346 1845 addasque
365 1788 456 1829 cornu
475 1771 588 1829 cervini
605 1789 670 1828 unc.
685 1770 701 1827 Ι
719 1773 749 1829 et
768 1770 830 1846 apii
848 1772 970 1830 seminis
988 1789 1054 1830 unc.
1068 1770 1093 1845 I,

71 1859 218 1935 sinopidis
247 1858 366 1918 Pontici
399 1860 536 1934 pastillos
566 1858 619 1933 IV,
647 1860 828 1935 opopanacis
863 1879 1000 1935 semunc,
1029 1861 1094 1920 vini

71 1945 240 2025 †tenetali
262 1948 310 2007 val
331 1948 454 2007 ulterius
478 1950 590 2007 austeri
613 1951 685 2008 sext.
704 1948 744 2023 H,
767 1949 827 2008 olei
848 1949 954 2009 viridis
977 1953 1050 2009 sext.
1069 1948 1094 2023 I,

73 2056 150 2113 quae
172 2037 322 2113 tepefacta
345 2038 390 2096 ita
419 2038 544 2095 animali
566 2036 723 2113 defundes,
750 2041 785 2096 ut
811 2058 904 2096 unum
927 2057 1018 2097 cornu
1040 2057 1095 2114 per

35 2150 59 2190 ro
73 2145 105 2186 os
130 2128 260 2202 accipiat
286 2128 319 2183 in
342 2126 420 2185 clivo
448 2128 657 2201 constitutum,
685 2130 832 2202 quatenus
860 2145 947 2187 sucus
975 2127 1093 2186 facilius

73 2215 112 2275 ad
134 2216 280 2274 interiora
302 2217 466 2291 peluemat.
511 2215 635 2275 Postero
659 2215 706 2274 die
728 2216 809 2274 idem
831 2214 944 2274 animal
966 2217 1128 2291 pronum3

73 2304 276 2364 constituatur
297 2307 331 2362 in
349 2305 427 2364 clivo
446 2308 476 2364 et
498 2322 552 2380 per
575 2305 732 2381 clysterem
755 2305 787 2362 in
805 2304 982 2364 intestinum
999 2305 1093 2379 ipsius

146 2481 163 2527 9
183 2474 218 2527 cf.
233 2473 331 2544 Veg.1
349 2479 392 2528 45.

149 2641 163 2688 1
182 2634 282 2690 redeat
300 2637 328 2689 P
348 2638 358 2705 ΙΙ
381 2640 396 2687 2
416 2634 446 2687 in
465 2653 500 2688 m.
521 2634 624 2689 deteris
643 2633 662 2689 f.
679 2632 734 2703 Gn,
752 2633 922 2704 liquiritiam
940 2637 969 2689 et
988 2633 1095 2689 caricas

74 2709 116 2762 ed.
126 2724 173 2778 pr.
196 2709 207 2776 ΙΙ
230 2711 245 2758 3
265 2724 286 2759 s.
306 2722 410 2773 aquam
428 2706 459 2758 in
477 2723 533 2774 qua
552 2707 580 2760 P
602 2709 607 2776 Ι
632 2722 696 2759 cum
715 2706 815 2760 ceteris
834 2723 885 2761 om.
900 2708 928 2760 P
948 2708 957 2776 ΙΙ
984 2712 1001 2759 4
1021 2723 1094 2760 com-

74 2778 213 2849 paratisq.
233 2778 273 2831 ed.
283 2795 329 2847 pr.
345 2779 373 2832 A
386 2779 396 2845 ΙΙ
410 2783 426 2831 6
445 2794 500 2847 que
519 2795 570 2833 om.
584 2779 624 2832 ed.
635 2794 680 2846 pr.
696 2778 757 2833 AP

148 2855 165 2902 9
185 2849 223 2902 ad
241 2866 263 2903 c.
281 2893 286 2903 .
303 2892 308 2903 .
325 2891 330 2902 .
351 2848 486 2902 animalia
505 2864 577 2916 quae
595 2866 619 2902 v.
636 2848 784 2919 extingunt
798 2849 825 2902 L
841 2850 844 2917 Ι
862 2864 896 2901 ex
914 2848 1004 2903 solibe
1017 2848 1096 2920 ligno

76 2923 103 2976 L
126 2926 130 2990 Ι
153 2920 244 2975 viride
258 2921 284 2975 L
304 2919 382 2974 arido
397 2920 437 2974 ed.
450 2938 494 2989 pr.
510 2922 538 2975 A
551 2919 597 2973 cui
611 2919 702 2974 olivae
716 2919 814 2973 viridis
829 2936 893 2973 cum
906 2922 935 2975 P
952 2922 963 2990 ΙΙ
988 2927 1019 2974 11
1041 2921 1096 2975 col-

75 2993 150 3048 lecto
161 2992 188 3045 L
204 2994 208 3060 Ι
226 2992 307 3046 dabis
322 2992 361 3046 ed.
367 3008 411 3060 pr.
423 2993 484 3046 AP
494 2994 503 3060 ΙΙ
519 2997 551 3047 11
567 3008 589 3045 c.
601 2991 700 3046 eadem
712 2992 780 3060 quia
794 3006 879 3060 saepe
893 2991 1039 3047 mortifera
1054 2996 1097 3048 est

76 3064 95 3118 1.
108 3064 272 3135 passionem
284 3064 311 3117 L
326 3080 348 3116 c.
364 3079 438 3132 quae
452 3063 571 3117 eandem
585 3080 605 3116 s.
621 3081 657 3116 m.
673 3062 691 3117 l.
705 3062 866 3132 passionem
881 3065 908 3118 P
922 3079 944 3117 c.
956 3065 1005 3118 sed
1024 3080 1097 3133 quae

77 3151 164 3206 saepe
176 3152 214 3188 m.
228 3133 248 3187 l.
262 3134 423 3203 passionem
442 3135 482 3189 ed.
494 3152 538 3204 pr.
549 3136 577 3189 A
591 3137 600 3203 ΙΙ
615 3140 648 3189 13
663 3134 760 3201 itemq.
776 3133 834 3187 abs.
844 3134 874 3188 P.
889 3151 941 3209 om.
956 3134 983 3189 L
996 3138 1005 3205 ΙΙ
1021 3142 1053 3190 15
1069 3138 1098 3190 et

76 3208 135 3262 ervi
154 3224 182 3276 p.
197 3206 238 3261 ed.
249 3223 294 3274 pr.
309 3207 337 3260 A
351 3205 451 3259 horobi
464 3224 491 3276 p.
507 3208 555 3276 ΡΙΙ
571 3211 603 3259 16
623 3222 655 3259 eo
671 3205 748 3259 corni
763 3222 785 3258 c.
800 3206 827 3260 L
843 3207 847 3272 Ι
864 3207 893 3261 et
911 3206 970 3274 opii
989 3212 1054 3261 sesa.
1072 3207 1098 3261 L

78 3279 138 3349 apii
157 3277 273 3333 seminis
287 3293 350 3330 unc.
365 3277 378 3329 l
391 3279 420 3332 P
430 3294 481 3332 oca.
496 3278 536 3332 ed.
549 3294 593 3346 pr.
609 3279 638 3332 A
661 3280 671 3347 ΙΙ
695 3283 727 3331 17
742 3275 781 3330 IV
795 3277 822 3331 L
835 3276 874 3329 111
892 3278 964 3347 culp.
987 3280 996 3346 ΙΙ
1021 3283 1054 3332 18
1073 3296 1098 3331 v.

78 3349 199 3405 tenetali
216 3348 244 3402 L
261 3366 287 3402 v.
306 3347 407 3417 optimi
426 3351 454 3403 P
470 3367 494 3403 v.
514 3348 646 3404 teuitami
665 3350 693 3403 A
710 3366 735 3402 v.
754 3348 883 3402 teuetani
900 3350 940 3403 ed.
957 3366 1001 3418 pr.
1027 3353 1031 3417 Ι
1054 3349 1099 3403 vel

79 3438 103 3475 a.
119 3438 145 3475 a.
160 3438 211 3475 om.
227 3422 255 3475 P
271 3418 375 3475 alexim
394 3421 514 3474 austeris
533 3420 560 3473 L
573 3423 583 3489 ΙΙ
598 3425 631 3474 19
650 3419 749 3489 tepida
768 3418 885 3473 animali
904 3419 985 3473 dabis
1005 3422 1050 3489 ΡΙ
1066 3424 1099 3474 ut

79 3510 129 3562 per
147 3509 179 3546 os
194 3508 280 3546 cornu
298 3507 324 3545 a.
339 3493 367 3545 P
387 3494 397 3561 ΙΙ
420 3497 454 3544 20
473 3490 537 3545 divo
552 3493 580 3548 A
599 3491 701 3546 declivi
716 3492 744 3546 P
763 3492 773 3560 ΙΙ
796 3497 829 3543 22
849 3489 889 3561 et]
908 3492 942 3543 ut
955 3493 1017 3546 AP
1039 3495 1043 3560 Ι
1069 3491 1095 3545 ir

3 3623 4 3638 Ι
79 3564 130 3619 int.
140 3580 192 3619 om.
203 3565 231 3618 P
242 3579 293 3633 per
307 3562 341 3617 cl.
352 3561 429 3616 illins
439 3564 458 3616 t.
469 3562 593 3631 potionis
604 3565 673 3618 sext.
683 3563 702 3617 i.
713 3562 752 3618 ad.
761 3578 805 3630 pr.
815 3577 868 3630 per
878 3559 912 3614 cl.
922 3560 1075 3634 infigetur.

131 3665 256 3705 Vnonurus
271 3664 305 3704 ed.
318 3662 485 3704 Lemmatzsch.
614 3655 616 3660 ’
901 3654 934 3702 17
