2509 3892
955 5 1024 8 *A
1095 6 1134 11 —

454 176 593 231 nuncu
613 178 626 231 1
645 181 688 246 20,
702 185 735 231 21
1059 179 1103 244 43

86 348 172 420 atque
195 346 384 422 praedixerit
405 347 576 424 languentis
594 348 769 423 periculum,
793 347 905 406 errabit
923 347 1102 423 frequenter.

86 434 229 509 Exposita
246 437 328 494 enim
342 435 466 494 curandi
479 437 558 495 ratio
573 453 640 494 curn
655 455 760 514 genere
776 454 940 514 congruens
954 439 1101 512 passionis

86 523 293 583 indubitanter
315 526 450 600 praestat
468 524 622 583 auxilium.
660 524 789 600 Ideoque
806 525 943 600 pluribus
962 526 1102 585 membris

85 630 116 670 ac
144 613 262 672 morbis
291 614 429 691 generale
458 614 623 672 remedium
652 613 812 692 diligenter
840 616 958 689 oportet
987 617 1102 691 exponi,

61 701 160 775 equod
173 704 342 779 praecipue
356 701 388 759 in
402 703 555 780 sanguinis
570 702 753 762 detractione
768 704 912 778 consistit,
931 705 958 762 si
970 706 1101 763 rationa-

83 787 182 848 biliter
204 811 265 867 pro
295 796 428 866 tempore
457 794 487 849 et
516 791 629 851 viribus
660 793 836 851 animalium
863 794 894 850 et
922 811 976 868 pro
1004 796 1102 872 aetate

83 880 206 951 perfecti
235 880 428 939 mulomedici
452 879 629 940 adhibeatur
651 881 807 941 industria.
845 879 958 949 Quodsi
979 883 1135 959 ignarus2

83 966 171 1026 fuerit
184 969 279 1028 huius
296 970 432 1045 rationis,
450 988 510 1028 non
528 969 625 1029 solum
643 989 697 1045 per
715 971 930 1029 detractionem
948 972 1101 1047 sanguinis

82 1073 137 1113 non
168 1059 305 1132 curabit,
338 1078 443 1117 verum
474 1061 566 1117 ctiam
598 1060 765 1134 periculum
793 1059 934 1118 iumentis
967 1059 1102 1134 frequen·

51 1142 195 1204 ratissima
206 1147 373 1226 generabit.
404 1147 484 1205 Nam
499 1166 565 1205 cum
579 1149 643 1207 vita
662 1150 817 1223 utriusque
827 1147 1025 1207 animantium
1034 1165 1101 1206 con·

84 1233 168 1292 sistat
191 1238 227 1295 in
255 1236 414 1314 sanguine,
438 1255 541 1295 rursus
568 1237 744 1313 tempestive
767 1237 917 1296 detractus
940 1236 1061 1314 sanguis
1084 1256 1103 1296 a

84 1338 204 1398 corpore
225 1328 379 1401 praestare
398 1326 474 1384 solet
492 1327 661 1385 sanitatem.
700 1324 791 1386 (luins
813 1328 858 1385 rei
877 1326 949 1385 talis
966 1326 1135 1385 redditur3

85 1411 167 1470 ratio.
220 1414 351 1493 Sanguis
381 1417 461 1473 enim
492 1414 627 1473 ciborum
656 1416 873 1491 humorumque
905 1415 1101 1493 indigestione

84 1505 242 1577 conuptus
263 1523 318 1581 per
340 1503 473 1562 membra
496 1504 637 1562 discurrit
659 1506 690 1563 et
716 1505 890 1581 languorem
913 1504 1102 1581 doloremque

53 1591 136 1647 naut
157 1593 301 1652 universo
324 1593 441 1669 corpori
465 1595 519 1651 aut
545 1593 695 1667 aliquibus
723 1592 859 1668 partibus
882 1595 1036 1653 consuevit
1056 1595 1102 1653 in·

88 1677 168 1738 ferre.
207 1682 289 1740 Nam
307 1701 361 1758 per
380 1684 622 1741 constrictionem
640 1701 800 1741 nervorum
818 1701 1019 1758 venarumque
1037 1684 1101 1741 ten-

87 1764 196 1829 sionem
219 1771 338 1830 inflatio
366 1770 585 1849 indigestioque
609 1774 780 1850 generatur:
809 1791 885 1847 quae
908 1774 1029 1831 tonsura
1053 1764 1103 1852 (ut

87 1854 128 1914 ita
149 1852 291 1941 dixerim)
317 1862 447 1935 corporis
478 1860 567 1918 aliter
593 1861 690 1920 laxari
719 1862 777 1920 nisi
804 1881 858 1937 per
887 1861 1101 1920 detractionem

88 1951 238 2024 sangmnis
267 1968 329 2008 non
357 1952 464 2024 potest.
511 1949 638 2008 Unicum
668 1952 748 2008 enim
775 1949 982 2026 compendium
1011 1953 1101 2026 atque

56 2037 248 2098 nremedium
271 2041 329 2111 est,
359 2040 580 2113 corruptionem
605 2040 706 2113 illam,
736 2058 812 2115 quae
841 2042 928 2099 nocet
958 2042 988 2099 et
1016 2041 1102 2115 quasi

91 2178 301 2195 m

156 2283 171 2329 3
192 2276 265 2332 Chir.
282 2284 344 2334 c.‘3.
420 2285 452 2333 10
472 2278 544 2332 Chir.
561 2296 583 2332 c.
598 2286 623 2333 4.

93 2399 301 2417 *h

157 2498 170 2545 1
191 2492 392 2563 languentibus
401 2491 558 2561 periculum
568 2492 598 2545 F
605 2493 645 2546 ed.
652 2510 697 2561 pr.
711 2493 791 2547 Geso.
802 2490 964 2560 languentis
974 2489 1099 2559 periculo

92 2557 204 2618 Ababa.
220 2563 382 2634 languentis
396 2563 554 2632 periculum
567 2565 612 2631 ΡΙ
629 2562 749 2617 evitabit
763 2565 791 2618 P
802 2578 853 2616 cm.
868 2560 901 2616 fr.
919 2562 923 2629 Ι
940 2561 1047 2616 creabit
1065 2566 1099 2618 ci.

93 2628 166 2689 Gesn.
181 2638 221 2704 112
240 2636 350 2689 ratione
365 2635 412 2702 F!
429 2637 458 2689 et
477 2652 540 2688 cum
554 2636 593 2689 ed.
605 2653 650 2704 pr.
667 2635 671 2702 Ι
688 2651 752 2688 cnm
770 2648 874 2703 genera
893 2632 1053 2703 cognoverit
1071 2653 1098 2703 p.

93 2701 117 2783 4
129 2704 134 2770 1
149 2706 328 2789 congruentis
338 2725 364 2775 p.
376 2706 407 2760 F
417 2709 426 2775 ΙΙ
440 2706 659 2760 tindubitatum
669 2708 697 2761 P
708 2707 718 2775 ll
731 2704 862 2788 lmcrbis
872 2722 905 2758 ac
914 2705 1046 2789 membris
1056 2706 1097 2779 Pl

91 2770 563 2920 antecessu-rus
573 2777 1100 2919 rueretrueret

93 2920 196 2974 cumbis
214 2937 264 2975 cm.
279 2922 307 2975 A
333 2923 337 2990 Ι
362 2919 431 2989 freq.
447 2936 497 2974 cm.
512 2921 540 2974 A
562 2923 572 2990 ll
595 2926 628 2973 10
648 2938 712 2974 cum
729 2937 780 2975 om.
796 2922 824 2974 P
846 2921 850 2988 Ι
874 2920 1021 2989 utriusque
1040 2920 1105 2976 AF

93 2985 201 3074 Virtusq.
221 2993 261 3047 cd.
272 3010 317 3061 pr.
336 2994 364 3046 P
388 2995 391 3058 Ι
417 2991 582 3045 animalium
601 2994 629 3045 P
653 2993 662 3060 ΙΙ
691 2997 722 3074 11
744 3007 761 3044 a
780 3007 895 3060 corpore
913 2992 1007 3047 AFP
1027 2994 1099 3048 cuc.

209 3063 362 3188 {real
373 3062 763 3205 {usuratu
777 3065 868 3205 tl]
881 3062 1100 3204 {testu

94 3196 173 3259 labne
197 3208 301 3277 margo)
332 3209 342 3274 tl
374 3211 408 3259 15
427 3204 569 3273 aliquibus
588 3205 654 3259 AF
670 3206 752 3259 certis
776 3207 804 3259 P
825 3205 908 3259 certis
931 3206 1100 3274 quibusdam

93 3272 128 3325 cd.
138 3294 182 3346 pr.
199 3280 203 3346 Ι
219 3276 352 3330 membris
371 3276 407 3330 al.
422 3276 550 3345 pertibus
565 3277 593 3330 A
606 3278 615 3345 ΙΙ
630 3282 663 3330 la
682 3279 721 3332 sic
740 3277 779 3331 ed.
791 3294 836 3345 pr.
851 3294 877 3345 p.
894 3293 915 3330 c.
932 3292 1100 3345 suarumque

94 3357 218 3401 venarum
231 3348 387 3402 tensionem
401 3349 428 3401 A
442 3365 468 3416 p.
485 3348 510 3400 οξ
527 3363 674 3401 nervorum
693 3363 805 3401 suarum
819 3348 1001 3416 tensionemq.
1016 3363 1100 3401 vena-

94 3428 147 3472 rum
163 3419 193 3473 F
206 3437 233 3488 p.
249 3436 271 3473 c.
291 3435 438 3473 nervorum
452 3418 635 3485 tensionemq,
650 3435 784 3472 venarum
798 3421 825 3473 P
836 3420 845 3486 ΙΙ
861 3423 892 3471 17
912 3418 1099 3486 indignatioq.

97 3484 367 3561 Findignationesq.
383 3493 554 3559 generantur
567 3492 595 3543 P
614 3491 624 3556 ΙΙ
648 3494 681 3542 19
700 3506 756 3542 non
774 3505 824 3543 orn.
840 3489 867 3541 A
890 3491 899 3556 ΙΙ
922 3492 955 3539 20
975 3488 1012 3537 ad
1030 3503 1099 3539 corr.

97 3556 133 3631 Pl
149 3562 352 3630 correptionem
372 3562 409 3614 M
424 3577 492 3614 corr.
509 3558 557 3614 Μ’
