2509 3892
563 95 700 150 visensi

484 352 558 416 CII.
583 352 634 417 De
656 353 779 417 aalma

16 476 162 571 Qffln
209 482 361 540 Bulimum
385 483 528 541 animalia
550 483 699 542 sustinent
722 484 892 557 frequenter
915 501 950 539 ex
974 483 1068 556 fame,
1091 482 1150 539 sli-

118 601 124 631 ;
166 572 284 648 quando
317 591 352 629 ex
384 571 568 631 lassitudine.
616 569 708 630 (iuius
740 571 799 629 ista
831 573 902 629 sunt
933 572 1033 648 signa:
1066 571 1152 629 oeuli

125 663 251 720 interius
275 663 404 738 fugiunt,
427 663 558 719 insenius
583 663 628 719 est
651 664 742 735 visus
765 678 871 735 eorpus
895 660 1044 719 iremebib.
1087 657 1150 727 Qui

124 752 181 809 hae
203 752 319 809 ratione
339 750 486 808 curandus
510 752 564 823 est,
587 753 622 808 ut
644 752 742 826 primo
766 749 899 807 omnium
922 748 1086 807 defricetur
1111 768 1150 806 er
1179 774 1193 813 5

124 842 195 899 vino
219 841 343 914 oleoque
365 840 524 915 tepefacto,
547 842 621 897 buno
643 841 731 915 panis
754 838 858 896 mundi
881 838 1004 896 mollem
1025 840 1150 912 partem

124 932 195 988 vino
218 928 357 987 infundes
376 931 407 986 el
429 946 498 986 oum
516 929 619 987 eodem
638 927 829 1001 eonfrieabis3
852 929 879 986 si
901 927 1010 1002 ehylon
1029 929 1149 999 feceris,

124 1038 179 1095 per
201 1036 293 1077 cornu
316 1017 452 1076 faucibus
475 1018 604 1094 digeres:
627 1016 825 1093 reparabitur.
872 1014 984 1084 Quodsi
1007 1035 1148 1091 perman·

126 1109 199 1166 serit
216 1107 356 1180 bulimus,
379 1107 496 1165 similae
514 1108 666 1165 heminam
684 1125 752 1166 eum
770 1107 901 1165 sextario
922 1105 987 1165 vini
1004 1105 1149 1164 infundes

126 1199 157 1255 eb
178 1216 232 1272 per
262 1214 355 1254 eornu
385 1196 507 1273 digeres.
550 1195 663 1265 Quodsi
689 1198 748 1254 iter
778 1213 868 1271 agens
897 1195 1039 1253 inciderit
1067 1194 1192 1259 buli-10

125 1306 220 1359 mum,
250 1284 303 1342 ubi
326 1286 493 1343 necessaria
520 1284 640 1359 desunt,
669 1288 782 1343 terram
809 1284 910 1342 vivam
937 1283 1076 1343 faucibus
1098 1285 1150 1341 in-

125 1375 231 1433 fundes
256 1376 309 1431 sul
333 1374 406 1431 offas
430 1374 521 1432 facies
545 1378 575 1432 el
598 1394 652 1450 per
675 1393 707 1433 os
731 1374 855 1450 digeras.

466 1597 561 1665 0111.
584 1598 635 1662 De
657 1599 803 1663 nomilia.

19 1723 164 1818 ξξέζξζῗ
211 1728 322 1798 Quodsi
352 1748 387 1786 ex
415 1729 550 1797 anhelitu
577 1727 694 1787 inflatio
725 1730 896 1806 eontigerit,
927 1729 1011 1787 errius
1037 1747 1149 1788 osusae

170 1821 249 1877 ratio
283 1818 368 1875 reddi
399 1837 459 1876 non
490 1820 603 1893 pelosi,
633 1835 757 1892 pusearn
789 1817 917 1876 ualidam
950 1836 1018 1876 oum
1054 1837 1148 1894 spon·
1164 1845 1190 1883 15

126 1909 183 1986 giis
214 1908 333 1966 cerebro
362 1909 426 1966 eius
454 1925 584 1983 appones
615 1909 646 1965 ei
674 1909 790 1982 peolori
820 1910 850 1964 el
871 1909 904 1965 in
935 1925 1021 1965 sures
1044 1907 1147 1965 oleum

125 1999 277 2057 laurinum
299 1998 415 2070 mittes,
443 1995 638 2072 frigidissimo
662 1996 727 2054 loeo
758 2015 826 2054 eum
849 1998 1027 2069 constitues,
1054 2016 1147 2056 neres

165 2226 216 2346 δί)
233 2219 305 2274 Chir.
322 2238 344 2273 c.
360 2226 420 2273 339.
471 2218 563 2271 ePel.
580 2236 601 2271 e.
619 2224 679 2272 188.
736 2224 768 2271 10
787 2219 844 2273 Pel.
861 2235 883 2272 c.
902 2224 959 2272 189.
1019 2226 1052 2273 14
1068 2219 1146 2275 Cbir.

126 2309 148 2346 (l.
219 2334 224 2344 .

198 2496 211 2541 1
232 2489 351 2542 belismo
366 2490 393 2541 A
408 2486 528 2540 bulismo
544 2488 572 2541 P
582 2489 591 2554 ll
606 2493 621 2538 2
636 2487 797 2553 frequenter
811 2488 851 2540 ed.
862 2504 907 2555 pr.
922 2492 962 2554 113
981 2487 1146 2542 lenitudine

127 2562 154 2614 A
169 2562 173 2628 Ι
191 2560 279 2628 signa.
300 2559 424 2612 anterius
438 2558 467 2624 f.‚
482 2558 605 2610 incertus
621 2555 725 2610 effusus
738 2557 872 2611 tremebit
886 2559 925 2612 ed.
938 2575 982 2626 pr.
998 2560 1026 2613 A
1039 2561 1080 2627 ll
1100 2560 1145 2613 in—

127 2632 211 2685 oeslis
230 2631 274 2683 esl
291 2648 314 2683 v.
330 2631 356 2682 L
373 2633 376 2697 Ι
392 2629 489 2683 tremit
507 2631 585 2698 Pus
605 2629 681 2697 quod
699 2629 726 2682 h.
741 2647 762 2681 r.
783 2632 897 2682 curatur
915 2630 1006 2697 primo
1025 2629 1148 2685 fricetur

126 2719 161 2755 ex
179 2719 202 2755 v.
219 2704 247 2754 el
265 2718 289 2754 o.
304 2701 401 2769 lepido
415 2703 443 2755 P
461 2717 533 2768 quae
552 2700 578 2753 h.
593 2719 614 2752 1.
636 2700 761 2753 curanda
780 2703 853 2766 sunt,
872 2700 903 2752 in
916 2719 957 2769 pr.
973 2702 1013 2754 ed.
1025 2719 1069 2770 pr.
1086 2704 1114 2756 A
1136 2704 1146 2772 lg

127 2778 143 2826 6
162 2788 225 2825 eum
248 2772 350 2840 pennis
373 2772 486 2825 mundis
505 2774 532 2826 A
552 2772 591 2825 ed.
603 2788 648 2840 pr.
662 2774 728 2838 (oms.
742 2776 821 2840 pan.)
845 2775 913 2825 tune
929 2772 1040 2825 miesm
1057 2773 1145 2842 panis

126 2842 328 2912 pulverizatam
346 2842 410 2896 vino
429 2843 447 2895 i.
468 2843 497 2896 et
515 2843 556 2896 sie
573 2842 715 2912 liquidum
733 2841 859 2896 infundis
878 2846 907 2897 et
925 2844 1071 2897 curabitur
1090 2847 1118 2900 P
1135 2847 1147 2918 ll

129 2921 142 2967 7
162 2915 186 2967 si
200 2914 271 2967 ilion
284 2916 324 2968 ed.
335 2931 380 2984 pr.
396 2914 437 2967 sio
450 2914 528 2982 ylion
542 2917 569 2969 A
583 2916 592 2983 ll
607 2920 622 2966 8
642 2913 772 2968 faucibus
786 2931 836 2968 ool.
852 2917 891 2969 ed.
899 2933 943 2983 pr.
959 2917 986 2967 A
1003 2918 1007 2985 Ι
1024 2915 1145 2985 degeres

127 2988 153 3040 L
169 2989 173 3054 l
190 2988 219 3039 el
236 3004 257 3038 r.
273 2987 312 3039 ed.
325 3002 369 3053 pr.
384 2986 393 3053 11
411 2991 426 3038 9
447 2986 539 3039 simile
557 2986 701 3039 heminam
720 2988 758 3040 ed.
772 3003 816 3053 pr.
832 2987 859 3039 A
878 2986 1000 3039 similem
1018 2987 1145 3042 eminam

127 3060 154 3112 P
186 3059 190 3123 Ι
224 3057 340 3125 cyathos
363 3056 414 3108 ΠΠ
433 3058 490 3110 Pel.
526 3058 530 3123 Ι
563 3056 665 3110 fundes
688 3059 717 3110 et
738 3073 790 3125 per
814 3073 928 3111 cornum
953 3058 1069 3128 degeres
1090 3060 1116 3111 L
1134 3062 1146 3131 11

128 3135 160 3182 10
180 3126 262 3182 dabis
280 3131 308 3183 P
322 3131 326 3200 l
342 3128 384 3182 ila
405 3144 492 3197 agens
511 3129 538 3181 L
556 3127 705 3181 ambulans
723 3130 751 3182 P
766 3128 842 3197 quod
860 3128 916 3181 iter
934 3130 1026 3198 egerit
1043 3131 1084 3183 ed.
1095 3149 1143 3198 pr.

127 3203 152 3253 A
169 3203 173 3268 Ι
190 3199 323 3253 belismos
337 3201 365 3254 A
378 3200 388 3266 ΙΙ
403 3205 435 3252 11
454 3200 519 3252 terr.
535 3198 586 3252 viv.
603 3201 631 3253 P
643 3201 700 3253 Pel.
717 3217 768 3253 om.
784 3199 810 3252 L
827 3198 920 3252 vivam
935 3216 985 3253 om.
1001 3202 1041 3255 ed.
1053 3218 1098 3269 pr.
1114 3206 1144 3257 A

200 3277 231 3322 14
250 3270 342 3323 inflati
361 3270 513 3337 contigerit
526 3272 552 3323 L
571 3270 680 3324 inflatio
701 3270 840 3340 contingit
854 3273 882 3325 P
897 3270 1058 3325 inflationes
1077 3288 1143 3326 oon-

126 3341 243 3409 tigerint
261 3342 301 3394 ed.
313 3357 358 3409 pr.
373 3342 401 3394 A
432 3341 441 3407 ΙΙ
479 3345 512 3392 15
531 3341 676 3394 rationes.
694 3345 832 3409 bossunt
850 3344 947 3410 οων.
981 3345 986 3412 Ι
1021 3345 1144 3413 spongia

127 3412 167 3464 ed.
178 3427 222 3478 pr.
239 3412 266 3465 A
279 3414 288 3478 ll
308 3417 340 3462 16
360 3420 390 3465 et
408 3412 454 3464 alt.
470 3427 520 3464 om.
535 3411 574 3464 ed.
587 3428 632 3478 pr.
647 3413 709 3465 AP
727 3416 731 3480 Ι
751 3412 867 3466 induces
886 3413 979 3466 oleum
998 3414 1016 3468 l.
1031 3432 1067 3468 m.
1088 3418 1115 3469 A
1137 3419 1141 3431 '

146 3481 187 3531 'u
207 3482 242 3533 ol.
258 3483 297 3534 ed.
309 3498 353 3549 pr.
368 3483 378 3548 ΙΙ
393 3485 425 3534 11
445 3480 506 3532 loeo
526 3496 589 3533 eum
608 3498 658 3535 om.
674 3484 702 3536 A
