<?xml version="1.0" encoding="UTF-8"?>
<!DOCTYPE html PUBLIC "-//W3C//DTD XHTML 1.0 Transitional//EN"
    "http://www.w3.org/TR/xhtml1/DTD/xhtml1-transitional.dtd">
<html xmlns="http://www.w3.org/1999/xhtml" xml:lang="en" lang="en">
 <head>
  <title>
</title>
<meta http-equiv="Content-Type" content="text/html;charset=utf-8" />
  <meta name='ocr-system' content='tesseract 3.04.00' />
  <meta name='ocr-capabilities' content='ocr_page ocr_carea ocr_par ocr_line ocrx_word'/>
</head>
<body>
  <div class='ocr_page' id='page_1' title='image "./pvegetirenatidi00lommgoog/pvegetirenatidi00lommgoog_0035.png"; bbox 0 0 2509 3892; ppageno 0'>
   <div class='ocr_carea' id='block_1_1' title="bbox 488 164 1104 222">
    <p class='ocr_par' dir='ltr' id='par_1_1' title="bbox 488 164 1104 222">
     <span class='ocr_line' id='line_1_1' title="bbox 488 164 1104 222; baseline 0.003 -2"><span class='ocrx_word' id='word_1_1' title='bbox 488 165 531 220; x_wconf 86' lang='lat' dir='ltr'>De</span> <span class='ocrx_word' id='word_1_2' title='bbox 550 164 701 220; x_wconf 85' lang='lat' dir='ltr'>codicibus.</span> <span class='ocrx_word' id='word_1_3' title='bbox 1011 167 1104 222; x_wconf 84' lang='lat' dir='ltr'>xxm</span> 
     </span>
    </p>
   </div>
   <div class='ocr_carea' id='block_1_2' title="bbox 69 333 1146 3437">
    <p class='ocr_par' dir='ltr' id='par_1_2' title="bbox 69 333 1102 485">
     <span class='ocr_line' id='line_1_2' title="bbox 71 333 1102 413; baseline 0 -17"><span class='ocrx_word' id='word_1_4' title='bbox 71 338 124 397; x_wconf 84' lang='lat' dir='ltr'>est</span> <span class='ocrx_word' id='word_1_5' title='bbox 157 335 219 395; x_wconf 87' lang='lat' dir='ltr'>hoc</span> <span class='ocrx_word' id='word_1_6' title='bbox 248 334 396 394; x_wconf 72' lang='lat' dir='ltr'>distichon</span> <span class='ocrx_word' id='word_1_7' title='bbox 424 333 461 393; x_wconf 90' lang='lat' dir='ltr'>ab</span> <span class='ocrx_word' id='word_1_8' title='bbox 485 334 581 394; x_wconf 78' lang='lat' dir='ltr'>altera</span> <span class='ocrx_word' id='word_1_9' title='bbox 607 352 699 394; x_wconf 87' lang='lat' dir='ltr'>manu</span> <span class='ocrx_word' id='word_1_10' title='bbox 730 337 876 413; x_wconf 85' lang='lat' dir='ltr'>scriptum</span> <span class='ocrx_word' id='word_1_11' title='bbox 903 336 993 396; x_wconf 86' lang='lat' dir='ltr'>rubro</span> <span class='ocrx_word' id='word_1_12' title='bbox 1021 339 1102 396; x_wconf 78' lang='lat' dir='ltr'>atra·</span> 
     </span>
     <span class='ocr_line' id='line_1_3' title="bbox 69 427 197 485; baseline 0 -1"><span class='ocrx_word' id='word_1_13' title='bbox 69 427 197 485; x_wconf 75' lang='lat' dir='ltr'>mentor</span> 
     </span>
    </p>

    <p class='ocr_par' dir='ltr' id='par_1_3' title="bbox 70 511 929 681">
     <span class='ocr_line' id='line_1_4' title="bbox 235 511 613 572; baseline 0.003 -1"><span class='ocrx_word' id='word_1_14' title='bbox 235 511 275 572; x_wconf 84' lang='lat' dir='ltr'>ad</span> <span class='ocrx_word' id='word_1_15' title='bbox 297 512 364 571; x_wconf 85' lang='lat' dir='ltr'>illm</span> <span class='ocrx_word' id='word_1_16' title='bbox 385 511 459 572; x_wconf 69' lang='lat' dir='ltr'>duci</span> <span class='ocrx_word' id='word_1_17' title='bbox 483 512 613 572; x_wconf 75' lang='lat' dir='ltr'>calabrie</span> 
     </span>
     <span class='ocr_line' id='line_1_5' title="bbox 70 601 929 681; baseline 0.001 -18"><span class='ocrx_word' id='word_1_18' title='bbox 70 604 182 678; x_wconf 86' lang='lat' dir='ltr'>accipe</span> <span class='ocrx_word' id='word_1_19' title='bbox 206 621 277 661; x_wconf 80' lang='lat' dir='ltr'>rara</span> <span class='ocrx_word' id='word_1_20' title='bbox 300 603 401 662; x_wconf 59' lang='lat' dir='ltr'>umen</span> <span class='ocrx_word' id='word_1_21' title='bbox 422 604 458 660; x_wconf 89' lang='lat' dir='ltr'>ut</span> <span class='ocrx_word' id='word_1_22' title='bbox 480 604 560 679; x_wconf 85' lang='lat' dir='ltr'>sunt,</span> <span class='ocrx_word' id='word_1_23' title='bbox 583 602 653 676; x_wconf 81' lang='lat' dir='ltr'>dux,</span> <span class='ocrx_word' id='word_1_24' title='bbox 676 603 787 679; x_wconf 85' lang='lat' dir='ltr'>scripta</span> <span class='ocrx_word' id='word_1_25' title='bbox 809 601 929 681; x_wconf 75' lang='lat' dir='ltr'>Vegetii</span> 
     </span>
    </p>

    <p class='ocr_par' dir='ltr' id='par_1_4' title="bbox 144 690 861 768">
     <span class='ocr_line' id='line_1_6' title="bbox 144 690 861 768; baseline 0.001 -19"><span class='ocrx_word' id='word_1_26' title='bbox 144 690 250 751; x_wconf 67' lang='lat' dir='ltr'>dantm</span> <span class='ocrx_word' id='word_1_27' title='bbox 273 692 306 750; x_wconf 84' lang='lat' dir='ltr'>et</span> <span class='ocrx_word' id='word_1_28' title='bbox 329 691 434 768; x_wconf 76' lang='lat' dir='ltr'>exiguo</span> <span class='ocrx_word' id='word_1_29' title='bbox 457 709 578 750; x_wconf 87' lang='lat' dir='ltr'>munere</span> <span class='ocrx_word' id='word_1_30' title='bbox 601 692 697 768; x_wconf 88' lang='lat' dir='ltr'>pende</span> <span class='ocrx_word' id='word_1_31' title='bbox 721 693 861 750; x_wconf 84' lang='lat' dir='ltr'>animum.</span> 
     </span>
    </p>

    <p class='ocr_par' dir='ltr' id='par_1_5' title="bbox 145 778 851 857">
     <span class='ocr_line' id='line_1_7' title="bbox 145 778 851 857; baseline -0.001 -17"><span class='ocrx_word' id='word_1_32' title='bbox 145 778 256 840; x_wconf 85' lang='lat' dir='ltr'>deinde</span> <span class='ocrx_word' id='word_1_33' title='bbox 279 798 387 838; x_wconf 87' lang='lat' dir='ltr'>nomen</span> <span class='ocrx_word' id='word_1_34' title='bbox 410 781 473 839; x_wconf 88' lang='lat' dir='ltr'>eius</span> <span class='ocrx_word' id='word_1_35' title='bbox 497 781 550 856; x_wconf 87' lang='lat' dir='ltr'>qui</span> <span class='ocrx_word' id='word_1_36' title='bbox 573 781 693 857; x_wconf 78' lang='lat' dir='ltr'>scripsit</span> <span class='ocrx_word' id='word_1_37' title='bbox 715 779 851 857; x_wconf 84' lang='lat' dir='ltr'>Loysius.</span> 
     </span>
    </p>

    <p class='ocr_par' dir='ltr' id='par_1_6' title="bbox 146 868 1146 945">
     <span class='ocr_line' id='line_1_8' title="bbox 146 868 1146 945; baseline 0.001 -16"><span class='ocrx_word' id='word_1_38' title='bbox 146 871 178 929; x_wconf 81' lang='lat'>2.</span> <span class='ocrx_word' id='word_1_39' title='bbox 198 869 423 929; x_wconf 70' lang='lat' dir='ltr'>mettcouo</span> <span class='ocrx_word' id='word_1_40' title='bbox 441 869 516 945; x_wconf 86' lang='lat' dir='ltr'>plut.</span> <span class='ocrx_word' id='word_1_41' title='bbox 531 869 583 943; x_wconf 79' lang='lat'>45,</span> <span class='ocrx_word' id='word_1_42' title='bbox 604 870 645 928; x_wconf 89' lang='grc'>18</span> <span class='ocrx_word' id='word_1_43' title='bbox 666 870 838 929; x_wconf 68' lang='lat' dir='ltr'>chattaceus</span> <span class='ocrx_word' id='word_1_44' title='bbox 853 888 874 928; x_wconf 89' lang='lat' dir='ltr'>s.</span> <span class='ocrx_word' id='word_1_45' title='bbox 893 868 949 929; x_wconf 88' lang='lat' dir='ltr'>XV</span> <span class='ocrx_word' id='word_1_46' title='bbox 962 869 1048 930; x_wconf 88' lang='lat' dir='ltr'>nobis</span> <span class='ocrx_word' id='word_1_47' title='bbox 1061 870 1101 929; x_wconf 89' lang='lat' dir='ltr'>M.</span> <span class='ocrx_word' id='word_1_48' title='bbox 1115 877 1146 930; x_wconf 88' lang='lat' dir='ltr'><strong>M</strong></span> 
     </span>
    </p>

    <p class='ocr_par' dir='ltr' id='par_1_7' title="bbox 73 950 1143 1997">
     <span class='ocr_line' id='line_1_9' title="bbox 147 950 1143 1040; baseline 0.002 -23"><span class='ocrx_word' id='word_1_49' title='bbox 147 960 177 1017; x_wconf 88' lang='lat'>3.</span> <span class='ocrx_word' id='word_1_50' title='bbox 204 958 434 1018; x_wconf 69' lang='lat' dir='ltr'>Vondcocaensc</span> <span class='ocrx_word' id='word_1_51' title='bbox 455 959 517 1018; x_wconf 83' lang='lat'>115</span> <span class='ocrx_word' id='word_1_52' title='bbox 538 950 625 1040; x_wconf 81' lang='lat' dir='ltr'>(clim</span> <span class='ocrx_word' id='word_1_53' title='bbox 643 958 794 1019; x_wconf 86' lang='lat' dir='ltr'>Modiceus</span> <span class='ocrx_word' id='word_1_54' title='bbox 814 950 870 1040; x_wconf 80' lang='lat'>94)</span> <span class='ocrx_word' id='word_1_55' title='bbox 889 977 912 1019; x_wconf 89' lang='lat' dir='ltr'>s.</span> <span class='ocrx_word' id='word_1_56' title='bbox 931 958 987 1017; x_wconf 89' lang='lat' dir='ltr'>XV</span> <span class='ocrx_word' id='word_1_57' title='bbox 1005 965 1143 1035; x_wconf 62' lang='lat' dir='ltr'>quamv</span> 
     </span>
     <span class='ocr_line' id='line_1_10' title="bbox 73 1046 1101 1123; baseline 0.002 -17"><span class='ocrx_word' id='word_1_58' title='bbox 73 1050 113 1107; x_wconf 79' lang='lat' dir='ltr'>at</span> <span class='ocrx_word' id='word_1_59' title='bbox 136 1046 313 1123; x_wconf 84' lang='lat' dir='ltr'>supradixi</span> <span class='ocrx_word' id='word_1_60' title='bbox 334 1067 363 1123; x_wconf 90' lang='lat' dir='ltr'>p.</span> <span class='ocrx_word' id='word_1_61' title='bbox 382 1046 435 1121; x_wconf 89' lang='lat' dir='ltr'>IV,</span> <span class='ocrx_word' id='word_1_62' title='bbox 458 1065 477 1106; x_wconf 93' lang='lat' dir='ltr'>a</span> <span class='ocrx_word' id='word_1_63' title='bbox 496 1046 644 1107; x_wconf 84' lang='lat' dir='ltr'>Sambuco</span> <span class='ocrx_word' id='word_1_64' title='bbox 665 1047 833 1108; x_wconf 82' lang='lat' dir='ltr'>adhibitum</span> <span class='ocrx_word' id='word_1_65' title='bbox 854 1060 918 1109; x_wconf 80' lang='lat' dir='ltr'>esse</span> <span class='ocrx_word' id='word_1_66' title='bbox 940 1048 1101 1108; x_wconf 84' lang='lat' dir='ltr'>verisimile</span> 
     </span>
     <span class='ocr_line' id='line_1_11' title="bbox 74 1135 1102 1212; baseline 0.002 -16"><span class='ocrx_word' id='word_1_67' title='bbox 74 1140 136 1196; x_wconf 82' lang='lat' dir='ltr'>ast:</span> <span class='ocrx_word' id='word_1_68' title='bbox 166 1135 253 1195; x_wconf 80' lang='lat' dir='ltr'>velat</span> <span class='ocrx_word' id='word_1_69' title='bbox 275 1135 314 1195; x_wconf 88' lang='lat' dir='ltr'>ad</span> <span class='ocrx_word' id='word_1_70' title='bbox 338 1138 366 1210; x_wconf 89' lang='lat'>1,</span> <span class='ocrx_word' id='word_1_71' title='bbox 387 1137 438 1210; x_wconf 78' lang='lat'>17,</span> <span class='ocrx_word' id='word_1_72' title='bbox 463 1137 481 1195; x_wconf 88' lang='grc'><strong>3</strong></span> <span class='ocrx_word' id='word_1_73' title='bbox 502 1140 661 1211; x_wconf 76' lang='lat' dir='ltr'>propterca</span> <span class='ocrx_word' id='word_1_74' title='bbox 690 1154 804 1211; x_wconf 69' lang='lat' dir='ltr'>occuper</span> <span class='ocrx_word' id='word_1_75' title='bbox 832 1141 903 1197; x_wconf 73' lang='lat' dir='ltr'>acal</span> <span class='ocrx_word' id='word_1_76' title='bbox 932 1138 1102 1212; x_wconf 62' lang='lat' dir='ltr'>separanda</span> 
     </span>
     <span class='ocr_line' id='line_1_12' title="bbox 74 1223 1102 1303; baseline 0.003 -18"><span class='ocrx_word' id='word_1_77' title='bbox 74 1227 121 1285; x_wconf 91' lang='lat' dir='ltr'>sic</span> <span class='ocrx_word' id='word_1_78' title='bbox 144 1223 314 1285; x_wconf 80' lang='lat' dir='ltr'>Sambucus</span> <span class='ocrx_word' id='word_1_79' title='bbox 336 1226 370 1283; x_wconf 89' lang='lat' dir='ltr'>in</span> <span class='ocrx_word' id='word_1_80' title='bbox 395 1226 531 1303; x_wconf 79' lang='lat' dir='ltr'>margine</span> <span class='ocrx_word' id='word_1_81' title='bbox 555 1225 693 1285; x_wconf 86' lang='lat' dir='ltr'>adnotat:</span> <span class='ocrx_word' id='word_1_82' title='bbox 723 1231 751 1286; x_wconf 78' lang='lat' dir='ltr'>ct</span> <span class='ocrx_word' id='word_1_83' title='bbox 766 1231 889 1301; x_wconf 79' lang='lat' dir='ltr'>propter</span> <span class='ocrx_word' id='word_1_84' title='bbox 915 1227 969 1287; x_wconf 77' lang='lat' dir='ltr'>boc</span> <span class='ocrx_word' id='word_1_85' title='bbox 989 1237 1102 1301; x_wconf 70' lang='lat' dir='ltr'>semper</span> 
     </span>
     <span class='ocr_line' id='line_1_13' title="bbox 74 1313 1101 1390; baseline 0.004 -17"><span class='ocrx_word' id='word_1_86' title='bbox 74 1313 249 1388; x_wconf 60' lang='lat' dir='ltr'>mellendo</span> <span class='ocrx_word' id='word_1_87' title='bbox 264 1317 336 1374; x_wconf 71' lang='lat' dir='ltr'>caet</span> <span class='ocrx_word' id='word_1_88' title='bbox 357 1314 394 1374; x_wconf 84' lang='lat' dir='ltr'>od</span> <span class='ocrx_word' id='word_1_89' title='bbox 411 1315 483 1374; x_wconf 77' lang='lat' dir='ltr'>ollis</span> <span class='ocrx_word' id='word_1_90' title='bbox 500 1315 556 1374; x_wconf 83' lang='lat' dir='ltr'>illo</span> <span class='ocrx_word' id='word_1_91' title='bbox 577 1314 610 1373; x_wconf 93' lang='lat' dir='ltr'>id</span> <span class='ocrx_word' id='word_1_92' title='bbox 627 1314 709 1390; x_wconf 85' lang='lat' dir='ltr'>quod</span> <span class='ocrx_word' id='word_1_93' title='bbox 726 1315 758 1373; x_wconf 88' lang='lat' dir='ltr'>in</span> <span class='ocrx_word' id='word_1_94' title='bbox 775 1316 840 1375; x_wconf 90' lang='lat' dir='ltr'>solo</span> <span class='ocrx_word' id='word_1_95' title='bbox 858 1315 959 1376; x_wconf 86' lang='lat' dir='ltr'>codice</span> <span class='ocrx_word' id='word_1_96' title='bbox 976 1315 1005 1372; x_wconf 88' lang='lat' dir='ltr'><strong>V</strong></span> <span class='ocrx_word' id='word_1_97' title='bbox 1022 1326 1101 1376; x_wconf 78' lang='lat' dir='ltr'>nunc</span> 
     </span>
     <span class='ocr_line' id='line_1_14' title="bbox 75 1401 1102 1482; baseline 0.005 -21"><span class='ocrx_word' id='word_1_98' title='bbox 75 1403 206 1482; x_wconf 69' lang='lat' dir='ltr'>legitun</span> <span class='ocrx_word' id='word_1_99' title='bbox 228 1401 253 1461; x_wconf 94' lang='lat' dir='ltr'>P</span> <span class='ocrx_word' id='word_1_100' title='bbox 272 1405 303 1463; x_wconf 88' lang='lat' dir='ltr'>at</span> <span class='ocrx_word' id='word_1_101' title='bbox 322 1402 355 1461; x_wconf 84' lang='lat' dir='ltr'>ld</span> <span class='ocrx_word' id='word_1_102' title='bbox 377 1402 481 1463; x_wconf 87' lang='lat' dir='ltr'>eadem</span> <span class='ocrx_word' id='word_1_103' title='bbox 502 1403 564 1463; x_wconf 87' lang='lat' dir='ltr'>fere</span> <span class='ocrx_word' id='word_1_104' title='bbox 587 1403 699 1463; x_wconf 85' lang='lat' dir='ltr'>habent</span> <span class='ocrx_word' id='word_1_105' title='bbox 720 1403 780 1464; x_wconf 89' lang='lat' dir='ltr'>nisi</span> <span class='ocrx_word' id='word_1_106' title='bbox 801 1405 882 1481; x_wconf 90' lang='lat' dir='ltr'>quod</span> <span class='ocrx_word' id='word_1_107' title='bbox 896 1449 903 1462; x_wconf 90' lang='lat'>.</span> <span class='ocrx_word' id='word_1_108' title='bbox 919 1404 1102 1480; x_wconf 41' lang='lat' dir='ltr'>tropeam</span> 
     </span>
     <span class='ocr_line' id='line_1_15' title="bbox 76 1486 1086 1575; baseline 0 -24"><span class='ocrx_word' id='word_1_109' title='bbox 76 1496 157 1551; x_wconf 68' lang='lat' dir='ltr'>eant</span> <span class='ocrx_word' id='word_1_110' title='bbox 195 1491 319 1551; x_wconf 73' lang='lat' dir='ltr'>ibidem</span> <span class='ocrx_word' id='word_1_111' title='bbox 332 1493 484 1567; x_wconf 74' lang='lat' dir='ltr'>profmcd&#39;c</span> <span class='ocrx_word' id='word_1_112' title='bbox 497 1493 656 1552; x_wconf 68' lang='lat' dir='ltr'>obreccdo.</span> <span class='ocrx_word' id='word_1_113' title='bbox 688 1493 842 1554; x_wconf 59' lang='lat' dir='ltr'>modom</span> <span class='ocrx_word' id='word_1_114' title='bbox 856 1492 954 1553; x_wconf 81' lang='lat' dir='ltr'>Samb.</span> <span class='ocrx_word' id='word_1_115' title='bbox 969 1494 997 1551; x_wconf 89' lang='lat' dir='ltr'><strong>V</strong></span> <span class='ocrx_word' id='word_1_116' title='bbox 1012 1486 1086 1575; x_wconf 88' lang='lat' dir='ltr'>(PM</span> 
     </span>
     <span class='ocr_line' id='line_1_16' title="bbox 78 1575 1085 1661; baseline 0 -21"><span class='ocrx_word' id='word_1_117' title='bbox 78 1581 142 1640; x_wconf 82' lang='lat' dir='ltr'>alia</span> <span class='ocrx_word' id='word_1_118' title='bbox 155 1581 261 1640; x_wconf 85' lang='lat' dir='ltr'>multa.</span> <span class='ocrx_word' id='word_1_119' title='bbox 303 1596 381 1656; x_wconf 82' lang='lat' dir='ltr'>quae</span> <span class='ocrx_word' id='word_1_120' title='bbox 394 1580 486 1640; x_wconf 81' lang='lat' dir='ltr'>verba</span> <span class='ocrx_word' id='word_1_121' title='bbox 505 1580 668 1642; x_wconf 81' lang='lat' dir='ltr'>Sambucos</span> <span class='ocrx_word' id='word_1_122' title='bbox 683 1581 722 1641; x_wconf 89' lang='lat' dir='ltr'>ad</span> <span class='ocrx_word' id='word_1_123' title='bbox 739 1583 829 1642; x_wconf 86' lang='lat' dir='ltr'>finem</span> <span class='ocrx_word' id='word_1_124' title='bbox 841 1583 912 1642; x_wconf 85' lang='lat' dir='ltr'>libri</span> <span class='ocrx_word' id='word_1_125' title='bbox 925 1581 969 1642; x_wconf 90' lang='lat' dir='ltr'>IV</span> <span class='ocrx_word' id='word_1_126' title='bbox 983 1575 1085 1661; x_wconf 83' lang='lat' dir='ltr'>(Schn.</span> 
     </span>
     <span class='ocr_line' id='line_1_17' title="bbox 79 1667 1101 1744; baseline 0.003 -15"><span class='ocrx_word' id='word_1_127' title='bbox 79 1670 208 1729; x_wconf 83' lang='lat' dir='ltr'>adnotat</span> <span class='ocrx_word' id='word_1_128' title='bbox 231 1667 383 1742; x_wconf 79' lang='lat' dir='ltr'>(Robiocio</span> <span class='ocrx_word' id='word_1_129' title='bbox 404 1672 487 1744; x_wconf 69' lang='lat' dir='ltr'>ccco</span> <span class='ocrx_word' id='word_1_130' title='bbox 512 1674 540 1730; x_wconf 79' lang='lat' dir='ltr'>ct</span> <span class='ocrx_word' id='word_1_131' title='bbox 565 1672 689 1731; x_wconf 67' lang='lat' dir='ltr'>matous</span> <span class='ocrx_word' id='word_1_132' title='bbox 715 1671 756 1731; x_wconf 86' lang='lat' dir='ltr'>da</span> <span class='ocrx_word' id='word_1_133' title='bbox 784 1672 878 1732; x_wconf 76' lang='lat' dir='ltr'>bibere</span> <span class='ocrx_word' id='word_1_134' title='bbox 903 1684 1043 1732; x_wconf 67' lang='lat' dir='ltr'>rasuram</span> <span class='ocrx_word' id='word_1_135' title='bbox 1065 1672 1101 1732; x_wconf 85' lang='lat' dir='ltr'>dc</span> 
     </span>
     <span class='ocr_line' id='line_1_18' title="bbox 77 1749 1099 1839; baseline 0.002 -21"><span class='ocrx_word' id='word_1_136' title='bbox 77 1760 201 1818; x_wconf 69' lang='lat' dir='ltr'>diemde</span> <span class='ocrx_word' id='word_1_137' title='bbox 215 1749 260 1839; x_wconf 77' lang='lat' dir='ltr'>(l)</span> <span class='ocrx_word' id='word_1_138' title='bbox 274 1762 302 1819; x_wconf 74' lang='lat' dir='ltr'>ct</span> <span class='ocrx_word' id='word_1_139' title='bbox 321 1758 482 1832; x_wconf 71' lang='lat' dir='ltr'>sanemur)</span> <span class='ocrx_word' id='word_1_140' title='bbox 505 1778 566 1819; x_wconf 88' lang='lat' dir='ltr'>non</span> <span class='ocrx_word' id='word_1_141' title='bbox 592 1761 786 1820; x_wconf 81' lang='lat' dir='ltr'>inveniuntur</span> <span class='ocrx_word' id='word_1_142' title='bbox 813 1762 873 1821; x_wconf 86' lang='lat' dir='ltr'>nisi</span> <span class='ocrx_word' id='word_1_143' title='bbox 893 1761 926 1819; x_wconf 88' lang='lat' dir='ltr'>in</span> <span class='ocrx_word' id='word_1_144' title='bbox 948 1759 1099 1821; x_wconf 77' lang='lat' dir='ltr'>codicibus</span> 
     </span>
     <span class='ocr_line' id='line_1_19' title="bbox 79 1846 1100 1924; baseline 0.005 -20"><span class='ocrx_word' id='word_1_145' title='bbox 79 1847 158 1907; x_wconf 85' lang='lat' dir='ltr'>Vct</span> <span class='ocrx_word' id='word_1_146' title='bbox 177 1846 247 1906; x_wconf 81' lang='lat' dir='ltr'>PM.</span> <span class='ocrx_word' id='word_1_147' title='bbox 287 1862 481 1924; x_wconf 81' lang='lat' dir='ltr'>quaecunque</span> <span class='ocrx_word' id='word_1_148' title='bbox 504 1847 669 1910; x_wconf 82' lang='lat' dir='ltr'>Sambucus</span> <span class='ocrx_word' id='word_1_149' title='bbox 693 1848 818 1911; x_wconf 83' lang='lat' dir='ltr'>adnotat</span> <span class='ocrx_word' id='word_1_150' title='bbox 839 1866 899 1909; x_wconf 78' lang='lat' dir='ltr'>con</span> <span class='ocrx_word' id='word_1_151' title='bbox 920 1851 1025 1912; x_wconf 73' lang='lat' dir='ltr'>belm</span> <span class='ocrx_word' id='word_1_152' title='bbox 1046 1860 1100 1911; x_wconf 73' lang='lat' dir='ltr'>coe.</span> 
     </span>
     <span class='ocr_line' id='line_1_20' title="bbox 79 1936 501 1997; baseline -0.005 -1"><span class='ocrx_word' id='word_1_153' title='bbox 79 1937 186 1997; x_wconf 85' lang='lat' dir='ltr'>eadem</span> <span class='ocrx_word' id='word_1_154' title='bbox 209 1936 316 1996; x_wconf 84' lang='lat' dir='ltr'>desunt</span> <span class='ocrx_word' id='word_1_155' title='bbox 338 1936 370 1996; x_wconf 87' lang='lat' dir='ltr'>in</span> <span class='ocrx_word' id='word_1_156' title='bbox 393 1937 501 1997; x_wconf 84' lang='lat' dir='ltr'>codice.</span> 
     </span>
    </p>

    <p class='ocr_par' dir='ltr' id='par_1_8' title="bbox 81 2025 1117 3437">
     <span class='ocr_line' id='line_1_21' title="bbox 146 2025 1099 2105; baseline 0.004 -21"><span class='ocrx_word' id='word_1_157' title='bbox 146 2025 212 2085; x_wconf 82' lang='lat' dir='ltr'>Iam</span> <span class='ocrx_word' id='word_1_158' title='bbox 243 2025 280 2085; x_wconf 91' lang='lat' dir='ltr'>de</span> <span class='ocrx_word' id='word_1_159' title='bbox 313 2025 421 2085; x_wconf 75' lang='lat' dir='ltr'>horum</span> <span class='ocrx_word' id='word_1_160' title='bbox 454 2027 547 2085; x_wconf 89' lang='lat' dir='ltr'>trium</span> <span class='ocrx_word' id='word_1_161' title='bbox 582 2026 717 2086; x_wconf 86' lang='lat' dir='ltr'>codicum</span> <span class='ocrx_word' id='word_1_162' title='bbox 751 2029 867 2088; x_wconf 85' lang='lat' dir='ltr'>ratione</span> <span class='ocrx_word' id='word_1_163' title='bbox 902 2027 1099 2105; x_wconf 81' lang='lat' dir='ltr'>disputemus3</span> 
     </span>
     <span class='ocr_line' id='line_1_22' title="bbox 81 2115 1099 2192; baseline 0.004 -18"><span class='ocrx_word' id='word_1_164' title='bbox 81 2116 232 2175; x_wconf 75' lang='lat' dir='ltr'>artissime</span> <span class='ocrx_word' id='word_1_165' title='bbox 255 2115 335 2174; x_wconf 88' lang='lat' dir='ltr'>enim</span> <span class='ocrx_word' id='word_1_166' title='bbox 357 2116 437 2174; x_wconf 87' lang='lat' dir='ltr'>inter</span> <span class='ocrx_word' id='word_1_167' title='bbox 459 2134 489 2175; x_wconf 92' lang='lat' dir='ltr'>se</span> <span class='ocrx_word' id='word_1_168' title='bbox 517 2115 684 2176; x_wconf 89' lang='lat' dir='ltr'>cohaerent.</span> <span class='ocrx_word' id='word_1_169' title='bbox 725 2115 805 2177; x_wconf 86' lang='lat' dir='ltr'>Ordo</span> <span class='ocrx_word' id='word_1_170' title='bbox 830 2118 975 2177; x_wconf 87' lang='lat' dir='ltr'>librorum</span> <span class='ocrx_word' id='word_1_171' title='bbox 997 2122 1043 2178; x_wconf 86' lang='lat' dir='ltr'>est</span> <span class='ocrx_word' id='word_1_172' title='bbox 1064 2118 1099 2192; x_wconf 87' lang='lat' dir='ltr'>is,</span> 
     </span>
     <span class='ocr_line' id='line_1_23' title="bbox 81 2204 1100 2285; baseline 0.003 -23"><span class='ocrx_word' id='word_1_173' title='bbox 81 2223 171 2279; x_wconf 84' lang='lat' dir='ltr'>quom</span> <span class='ocrx_word' id='word_1_174' title='bbox 197 2205 361 2280; x_wconf 82' lang='lat' dir='ltr'>reporimus</span> <span class='ocrx_word' id='word_1_175' title='bbox 390 2204 422 2262; x_wconf 85' lang='lat' dir='ltr'>in</span> <span class='ocrx_word' id='word_1_176' title='bbox 444 2204 545 2264; x_wconf 88' lang='lat' dir='ltr'>codice</span> <span class='ocrx_word' id='word_1_177' title='bbox 567 2204 601 2264; x_wconf 84' lang='lat' dir='ltr'>L.</span> <span class='ocrx_word' id='word_1_178' title='bbox 642 2205 678 2265; x_wconf 86' lang='lat' dir='ltr'>In</span> <span class='ocrx_word' id='word_1_179' title='bbox 700 2204 774 2265; x_wconf 88' lang='lat' dir='ltr'>Pet</span> <span class='ocrx_word' id='word_1_180' title='bbox 791 2206 824 2265; x_wconf 88' lang='lat' dir='ltr'>M</span> <span class='ocrx_word' id='word_1_181' title='bbox 849 2207 984 2285; x_wconf 85' lang='lat' dir='ltr'>capitula</span> <span class='ocrx_word' id='word_1_182' title='bbox 1010 2206 1100 2266; x_wconf 82' lang='lat' dir='ltr'>initio</span> 
     </span>
     <span class='ocr_line' id='line_1_24' title="bbox 82 2292 1100 2372; baseline 0.004 -20"><span class='ocrx_word' id='word_1_183' title='bbox 82 2293 313 2370; x_wconf 84' lang='lat' dir='ltr'>uniuscuiusque</span> <span class='ocrx_word' id='word_1_184' title='bbox 340 2292 411 2352; x_wconf 85' lang='lat' dir='ltr'>libri</span> <span class='ocrx_word' id='word_1_185' title='bbox 432 2295 586 2370; x_wconf 76' lang='lat' dir='ltr'>ponuntur</span> <span class='ocrx_word' id='word_1_186' title='bbox 612 2295 656 2354; x_wconf 88' lang='lat' dir='ltr'>sic</span> <span class='ocrx_word' id='word_1_187' title='bbox 677 2297 713 2354; x_wconf 89' lang='lat' dir='ltr'>ut</span> <span class='ocrx_word' id='word_1_188' title='bbox 735 2308 799 2371; x_wconf 80' lang='lat' dir='ltr'>cap.</span> <span class='ocrx_word' id='word_1_189' title='bbox 817 2295 890 2355; x_wconf 83' lang='lat' dir='ltr'>libri</span> <span class='ocrx_word' id='word_1_190' title='bbox 910 2295 1002 2372; x_wconf 86' lang='lat' dir='ltr'>primi</span> <span class='ocrx_word' id='word_1_191' title='bbox 1024 2295 1100 2356; x_wconf 80' lang='lat' dir='ltr'>divi-</span> 
     </span>
     <span class='ocr_line' id='line_1_25' title="bbox 82 2381 1100 2461; baseline 0.001 -19"><span class='ocrx_word' id='word_1_192' title='bbox 82 2381 204 2442; x_wconf 84' lang='lat' dir='ltr'>dantur:</span> <span class='ocrx_word' id='word_1_193' title='bbox 231 2383 361 2457; x_wconf 85' lang='lat' dir='ltr'>primum</span> <span class='ocrx_word' id='word_1_194' title='bbox 387 2384 469 2442; x_wconf 86' lang='lat' dir='ltr'>enim</span> <span class='ocrx_word' id='word_1_195' title='bbox 494 2386 649 2461; x_wconf 85' lang='lat' dir='ltr'>ponuntur</span> <span class='ocrx_word' id='word_1_196' title='bbox 674 2403 738 2460; x_wconf 87' lang='lat' dir='ltr'>cap.</span> <span class='ocrx_word' id='word_1_197' title='bbox 761 2384 875 2458; x_wconf 89' lang='lat' dir='ltr'>I-IX‚</span> <span class='ocrx_word' id='word_1_198' title='bbox 902 2383 1008 2444; x_wconf 84' lang='lat' dir='ltr'>deinde</span> <span class='ocrx_word' id='word_1_199' title='bbox 1032 2400 1100 2445; x_wconf 85' lang='lat' dir='ltr'>con·</span> 
     </span>
     <span class='ocr_line' id='line_1_26' title="bbox 82 2470 1099 2550; baseline 0.002 -19"><span class='ocrx_word' id='word_1_200' title='bbox 82 2473 167 2531; x_wconf 84' lang='lat' dir='ltr'>textu</span> <span class='ocrx_word' id='word_1_201' title='bbox 188 2470 295 2530; x_wconf 85' lang='lat' dir='ltr'>horum</span> <span class='ocrx_word' id='word_1_202' title='bbox 317 2472 495 2548; x_wconf 82' lang='lat' dir='ltr'>interposito</span> <span class='ocrx_word' id='word_1_203' title='bbox 513 2491 577 2550; x_wconf 83' lang='lat' dir='ltr'>cap.</span> <span class='ocrx_word' id='word_1_204' title='bbox 596 2472 748 2547; x_wconf 76' lang='lat' dir='ltr'><strong>x-XVI,</strong></span> <span class='ocrx_word' id='word_1_205' title='bbox 770 2472 860 2535; x_wconf 88' lang='lat' dir='ltr'>tertio</span> <span class='ocrx_word' id='word_1_206' title='bbox 884 2473 1011 2549; x_wconf 88' lang='lat' dir='ltr'>denique</span> <span class='ocrx_word' id='word_1_207' title='bbox 1033 2474 1099 2533; x_wconf 86' lang='lat' dir='ltr'>loco</span> 
     </span>
     <span class='ocr_line' id='line_1_27' title="bbox 84 2558 1098 2639; baseline 0.001 -19"><span class='ocrx_word' id='word_1_208' title='bbox 84 2578 147 2635; x_wconf 85' lang='lat' dir='ltr'>cap.</span> <span class='ocrx_word' id='word_1_209' title='bbox 165 2558 402 2618; x_wconf 79' lang='lat' dir='ltr'><strong>XVH-LXIV.</strong></span> <span class='ocrx_word' id='word_1_210' title='bbox 449 2561 512 2621; x_wconf 86' lang='lat' dir='ltr'>Nec</span> <span class='ocrx_word' id='word_1_211' title='bbox 540 2562 616 2621; x_wconf 82' lang='lat' dir='ltr'>latet</span> <span class='ocrx_word' id='word_1_212' title='bbox 645 2580 737 2621; x_wconf 86' lang='lat' dir='ltr'>causa</span> <span class='ocrx_word' id='word_1_213' title='bbox 765 2562 854 2622; x_wconf 85' lang='lat' dir='ltr'>huius</span> <span class='ocrx_word' id='word_1_214' title='bbox 881 2561 1098 2639; x_wconf 81' lang='lat' dir='ltr'>dispositionis:</span> 
     </span>
     <span class='ocr_line' id='line_1_28' title="bbox 84 2644 1098 2734; baseline 0.003 -26"><span class='ocrx_word' id='word_1_215' title='bbox 84 2664 153 2708; x_wconf 86' lang='lat' dir='ltr'>nam</span> <span class='ocrx_word' id='word_1_216' title='bbox 171 2648 299 2725; x_wconf 80' lang='lat' dir='ltr'>scriptor</span> <span class='ocrx_word' id='word_1_217' title='bbox 316 2649 441 2724; x_wconf 85' lang='lat' dir='ltr'>quidam</span> <span class='ocrx_word' id='word_1_218' title='bbox 459 2651 676 2711; x_wconf 84' lang='lat' dir='ltr'>curiosissimus</span> <span class='ocrx_word' id='word_1_219' title='bbox 692 2651 775 2712; x_wconf 87' lang='lat' dir='ltr'>illius</span> <span class='ocrx_word' id='word_1_220' title='bbox 793 2652 852 2713; x_wconf 90' lang='lat' dir='ltr'>loci</span> <span class='ocrx_word' id='word_1_221' title='bbox 870 2666 894 2712; x_wconf 86' lang='lat' dir='ltr'>o.</span> <span class='ocrx_word' id='word_1_222' title='bbox 915 2653 943 2728; x_wconf 80' lang='lat'>9,</span> <span class='ocrx_word' id='word_1_223' title='bbox 963 2644 1015 2734; x_wconf 79' lang='lat'>6²)</span> <span class='ocrx_word' id='word_1_224' title='bbox 1038 2671 1098 2711; x_wconf 86' lang='lat' dir='ltr'>me·</span> 
     </span>
     <span class='ocr_line' id='line_1_29' title="bbox 84 2737 1098 2819; baseline 0.006 -23"><span class='ocrx_word' id='word_1_225' title='bbox 84 2755 148 2796; x_wconf 87' lang='lat' dir='ltr'>mor</span> <span class='ocrx_word' id='word_1_226' title='bbox 169 2741 249 2797; x_wconf 86' lang='lat' dir='ltr'>recte</span> <span class='ocrx_word' id='word_1_227' title='bbox 266 2737 364 2797; x_wconf 82' lang='lat' dir='ltr'>facore</span> <span class='ocrx_word' id='word_1_228' title='bbox 383 2737 440 2798; x_wconf 91' lang='lat' dir='ltr'>sibi</span> <span class='ocrx_word' id='word_1_229' title='bbox 458 2739 615 2799; x_wconf 84' lang='lat' dir='ltr'>videbatur</span> <span class='ocrx_word' id='word_1_230' title='bbox 633 2740 848 2819; x_wconf 79' lang='lat' dir='ltr'>consiliumque</span> <span class='ocrx_word' id='word_1_231' title='bbox 866 2741 975 2819; x_wconf 83' lang='lat' dir='ltr'>Vagati</span> <span class='ocrx_word' id='word_1_232' title='bbox 992 2741 1098 2802; x_wconf 88' lang='lat' dir='ltr'>melios</span> 
     </span>
     <span class='ocr_line' id='line_1_30' title="bbox 85 2826 1099 2904; baseline 0.007 -20"><span class='ocrx_word' id='word_1_233' title='bbox 85 2826 175 2902; x_wconf 83' lang='lat' dir='ltr'>sequi,</span> <span class='ocrx_word' id='word_1_234' title='bbox 198 2829 225 2885; x_wconf 90' lang='lat' dir='ltr'>si</span> <span class='ocrx_word' id='word_1_235' title='bbox 247 2826 313 2886; x_wconf 83' lang='lat' dir='ltr'>istis</span> <span class='ocrx_word' id='word_1_236' title='bbox 336 2827 484 2903; x_wconf 75' lang='lat' dir='ltr'>capitibus</span> <span class='ocrx_word' id='word_1_237' title='bbox 508 2828 594 2904; x_wconf 87' lang='lat' dir='ltr'>quasi</span> <span class='ocrx_word' id='word_1_238' title='bbox 614 2829 710 2890; x_wconf 85' lang='lat' dir='ltr'>denuo</span> <span class='ocrx_word' id='word_1_239' title='bbox 733 2835 887 2892; x_wconf 74' lang='lat' dir='ltr'>auctorem</span> <span class='ocrx_word' id='word_1_240' title='bbox 908 2832 1021 2891; x_wconf 86' lang='lat' dir='ltr'>faceret</span> <span class='ocrx_word' id='word_1_241' title='bbox 1043 2831 1099 2891; x_wconf 83' lang='lat' dir='ltr'>ini·</span> 
     </span>
     <span class='ocr_line' id='line_1_31' title="bbox 85 2916 1098 2999; baseline 0.006 -26"><span class='ocrx_word' id='word_1_242' title='bbox 85 2916 159 2974; x_wconf 86' lang='lat' dir='ltr'>tium</span> <span class='ocrx_word' id='word_1_243' title='bbox 176 2916 351 2991; x_wconf 84' lang='lat' dir='ltr'>capientem,</span> <span class='ocrx_word' id='word_1_244' title='bbox 374 2935 434 2976; x_wconf 87' lang='lat' dir='ltr'>non</span> <span class='ocrx_word' id='word_1_245' title='bbox 452 2919 618 2994; x_wconf 82' lang='lat' dir='ltr'>suspicatus</span> <span class='ocrx_word' id='word_1_246' title='bbox 637 2917 796 2997; x_wconf 83' lang='lat' dir='ltr'>Vegetium</span> <span class='ocrx_word' id='word_1_247' title='bbox 814 2939 849 2981; x_wconf 87' lang='lat' dir='ltr'>ec</span> <span class='ocrx_word' id='word_1_248' title='bbox 871 2921 937 2981; x_wconf 78' lang='lat' dir='ltr'>loco</span> <span class='ocrx_word' id='word_1_249' title='bbox 956 2932 1043 2999; x_wconf 75' lang='lat' dir='ltr'>agere</span> <span class='ocrx_word' id='word_1_250' title='bbox 1061 2919 1098 2979; x_wconf 90' lang='lat' dir='ltr'>de</span> 
     </span>
     <span class='ocr_line' id='line_1_32' title="bbox 86 3004 1098 3083; baseline 0.004 -19"><span class='ocrx_word' id='word_1_251' title='bbox 86 3022 109 3064; x_wconf 83' lang='lat' dir='ltr'>o</span> <span class='ocrx_word' id='word_1_252' title='bbox 128 3005 177 3063; x_wconf 87' lang='grc'>19.</span> <span class='ocrx_word' id='word_1_253' title='bbox 217 3004 280 3064; x_wconf 86' lang='lat' dir='ltr'>Noc</span> <span class='ocrx_word' id='word_1_254' title='bbox 308 3007 410 3064; x_wconf 66' lang='lat' dir='ltr'>umen</span> <span class='ocrx_word' id='word_1_255' title='bbox 440 3023 474 3066; x_wconf 88' lang='lat' dir='ltr'>eo</span> <span class='ocrx_word' id='word_1_256' title='bbox 503 3025 676 3083; x_wconf 79' lang='lat' dir='ltr'>progressus</span> <span class='ocrx_word' id='word_1_257' title='bbox 706 3012 751 3068; x_wconf 89' lang='lat' dir='ltr'>est</span> <span class='ocrx_word' id='word_1_258' title='bbox 779 3012 814 3069; x_wconf 87' lang='lat' dir='ltr'>ut</span> <span class='ocrx_word' id='word_1_259' title='bbox 840 3011 872 3068; x_wconf 91' lang='lat' dir='ltr'>in</span> <span class='ocrx_word' id='word_1_260' title='bbox 904 3008 977 3069; x_wconf 85' lang='lat' dir='ltr'>duos</span> <span class='ocrx_word' id='word_1_261' title='bbox 1006 3008 1098 3069; x_wconf 86' lang='lat' dir='ltr'>libros</span> 
     </span>
     <span class='ocr_line' id='line_1_33' title="bbox 86 3092 1117 3176; baseline 0.008 -25"><span class='ocrx_word' id='word_1_262' title='bbox 86 3092 191 3152; x_wconf 84' lang='lat' dir='ltr'>librum</span> <span class='ocrx_word' id='word_1_263' title='bbox 214 3095 344 3169; x_wconf 83' lang='lat' dir='ltr'>primum</span> <span class='ocrx_word' id='word_1_264' title='bbox 361 3093 542 3155; x_wconf 71' lang='lat' dir='ltr'>discribebat.</span> <span class='ocrx_word' id='word_1_265' title='bbox 588 3094 703 3156; x_wconf 78' lang='lat' dir='ltr'>Deinde</span> <span class='ocrx_word' id='word_1_266' title='bbox 722 3099 810 3158; x_wconf 86' lang='lat' dir='ltr'>initio</span> <span class='ocrx_word' id='word_1_267' title='bbox 833 3117 857 3159; x_wconf 91' lang='lat' dir='ltr'>c.</span> <span class='ocrx_word' id='word_1_268' title='bbox 878 3099 918 3157; x_wconf 79' lang='grc'>17</span> <span class='ocrx_word' id='word_1_269' title='bbox 943 3099 985 3158; x_wconf 86' lang='lat' dir='ltr'>sic</span> <span class='ocrx_word' id='word_1_270' title='bbox 1002 3098 1117 3176; x_wconf 52' lang='lat' dir='ltr'>Vaga-1</span> 
     </span>
     <span class='ocr_line' id='line_1_34' title="bbox 87 3181 1098 3262; baseline 0.006 -21"><span class='ocrx_word' id='word_1_271' title='bbox 87 3181 155 3242; x_wconf 66' lang='lat' dir='ltr'>tius:</span> <span class='ocrx_word' id='word_1_272' title='bbox 185 3199 220 3242; x_wconf 88' lang='lat' dir='ltr'>cc</span> <span class='ocrx_word' id='word_1_273' title='bbox 249 3198 323 3256; x_wconf 77' lang='lat' dir='ltr'>quoe</span> <span class='ocrx_word' id='word_1_274' title='bbox 345 3183 385 3241; x_wconf 88' lang='lat' dir='ltr'>od</span> <span class='ocrx_word' id='word_1_275' title='bbox 407 3200 509 3244; x_wconf 70' lang='lat' dir='ltr'>cwooc</span> <span class='ocrx_word' id='word_1_276' title='bbox 534 3186 628 3244; x_wconf 75' lang='lat' dir='ltr'>morbi</span> <span class='ocrx_word' id='word_1_277' title='bbox 654 3187 753 3247; x_wconf 80' lang='lat' dir='ltr'>mallei</span> <span class='ocrx_word' id='word_1_278' title='bbox 780 3187 948 3248; x_wconf 72' lang='lat' dir='ltr'>execrabilia</span> <span class='ocrx_word' id='word_1_279' title='bbox 970 3190 1098 3262; x_wconf 74' lang='lat' dir='ltr'>pmcne·</span> 
     </span>
     <span class='ocr_line' id='line_1_35' title="bbox 89 3271 1097 3354; baseline 0.005 -24"><span class='ocrx_word' id='word_1_280' title='bbox 89 3271 160 3340; x_wconf 80' lang='lat' dir='ltr'>boot,</span> <span class='ocrx_word' id='word_1_281' title='bbox 183 3271 368 3331; x_wconf 74' lang='lat' dir='ltr'>aconocncr</span> <span class='ocrx_word' id='word_1_282' title='bbox 390 3277 500 3332; x_wconf 78' lang='lat' dir='ltr'>constat</span> <span class='ocrx_word' id='word_1_283' title='bbox 522 3276 660 3347; x_wconf 74' lang='lat' dir='ltr'>exposito.</span> <span class='ocrx_word' id='word_1_284' title='bbox 704 3275 785 3354; x_wconf 77' lang='lat' dir='ltr'>Ergo</span> <span class='ocrx_word' id='word_1_285' title='bbox 810 3275 950 3335; x_wconf 87' lang='lat' dir='ltr'>librarius</span> <span class='ocrx_word' id='word_1_286' title='bbox 974 3277 1097 3336; x_wconf 86' lang='lat' dir='ltr'>scitulus</span> 
     </span>
     <span class='ocr_line' id='line_1_36' title="bbox 89 3358 1096 3437; baseline 0.004 -19"><span class='ocrx_word' id='word_1_287' title='bbox 89 3358 123 3418; x_wconf 88' lang='lat' dir='ltr'>ab</span> <span class='ocrx_word' id='word_1_288' title='bbox 149 3359 206 3418; x_wconf 89' lang='lat' dir='ltr'>hoc</span> <span class='ocrx_word' id='word_1_289' title='bbox 235 3359 333 3435; x_wconf 82' lang='lat' dir='ltr'>capite</span> <span class='ocrx_word' id='word_1_290' title='bbox 362 3378 457 3421; x_wconf 85' lang='lat' dir='ltr'>novae</span> <span class='ocrx_word' id='word_1_291' title='bbox 486 3363 581 3437; x_wconf 77' lang='lat' dir='ltr'>partis</span> <span class='ocrx_word' id='word_1_292' title='bbox 610 3362 731 3422; x_wconf 86' lang='lat' dir='ltr'>initium</span> <span class='ocrx_word' id='word_1_293' title='bbox 760 3363 826 3423; x_wconf 81' lang='lat' dir='ltr'>fieri</span> <span class='ocrx_word' id='word_1_294' title='bbox 853 3364 959 3424; x_wconf 70' lang='lat' dir='ltr'>voluit.</span> <span class='ocrx_word' id='word_1_295' title='bbox 1000 3360 1096 3424; x_wconf 87' lang='lat' dir='ltr'>Discis</span> 
     </span>
    </p>
   </div>
   <div class='ocr_carea' id='block_1_3' title="bbox 155 3545 1095 3620">
    <p class='ocr_par' dir='ltr' id='par_1_9' title="bbox 155 3545 1095 3620">
     <span class='ocr_line' id='line_1_37' title="bbox 155 3545 1095 3620; baseline -0.001 -19"><span class='ocrx_word' id='word_1_296' title='bbox 155 3549 180 3616; x_wconf 89' lang='lat'>1)</span> <span class='ocrx_word' id='word_1_297' title='bbox 191 3547 277 3603; x_wconf 82' lang='lat' dir='ltr'>Nuoc</span> <span class='ocrx_word' id='word_1_298' title='bbox 284 3549 386 3619; x_wconf 71' lang='lat' dir='ltr'>sipoto.</span> <span class='ocrx_word' id='word_1_299' title='bbox 396 3548 535 3620; x_wconf 70' lang='lat' dir='ltr'>‚diycotia</span> <span class='ocrx_word' id='word_1_300' title='bbox 545 3550 720 3605; x_wconf 70' lang='lat' dir='ltr'>concludam</span> <span class='ocrx_word' id='word_1_301' title='bbox 732 3549 831 3604; x_wconf 71' lang='lat' dir='ltr'>librum</span> <span class='ocrx_word' id='word_1_302' title='bbox 837 3549 961 3617; x_wconf 65' lang='lat' dir='ltr'>merum</span> <span class='ocrx_word' id='word_1_303' title='bbox 971 3546 1004 3601; x_wconf 78' lang='lat' dir='ltr'>cf.</span> <span class='ocrx_word' id='word_1_304' title='bbox 1014 3560 1041 3615; x_wconf 89' lang='lat' dir='ltr'>p.</span> <span class='ocrx_word' id='word_1_305' title='bbox 1049 3545 1095 3600; x_wconf 65' lang='lat' dir='ltr'>IL</span> 
     </span>
    </p>
   </div>
   <div class='ocr_carea' id='block_1_4' title="bbox 0 0 1277 3892">
    <p class='ocr_par' dir='ltr' id='par_1_10' title="bbox 0 0 1277 3892">
     <span class='ocr_line' id='line_1_38' title="bbox 0 0 1277 3892; baseline 0 0"><span class='ocrx_word' id='word_1_306' title='bbox 0 0 1277 3892; x_wconf 95' lang='lat' dir='ltr'> </span> 
     </span>
    </p>
   </div>
  </div>
 </body>
</html>
