<?xml version="1.0" encoding="UTF-8"?>
<!DOCTYPE html PUBLIC "-//W3C//DTD XHTML 1.0 Transitional//EN"
    "http://www.w3.org/TR/xhtml1/DTD/xhtml1-transitional.dtd">
<html xmlns="http://www.w3.org/1999/xhtml" xml:lang="en" lang="en">
 <head>
  <title>
</title>
<meta http-equiv="Content-Type" content="text/html;charset=utf-8" />
  <meta name='ocr-system' content='tesseract 3.04.00' />
  <meta name='ocr-capabilities' content='ocr_page ocr_carea ocr_par ocr_line ocrx_word'/>
</head>
<body>
  <div class='ocr_page' id='page_1' title='image "./pvegetirenatidi00lommgoog/pvegetirenatidi00lommgoog_0164.png"; bbox 0 0 2509 3892; ppageno 0'>
   <div class='ocr_carea' id='block_1_1' title="bbox 134 158 755 223">
    <p class='ocr_par' dir='ltr' id='par_1_1' title="bbox 134 99 755 223">
     <span class='ocr_line' id='line_1_1' title="bbox 134 158 755 223; baseline 0.003 -13"><span class='ocrx_word' id='word_1_1' title='bbox 134 163 143 168; x_wconf 71' lang='grc'><strong><em>’</em></strong></span> <span class='ocrx_word' id='word_1_2' title='bbox 182 160 246 223; x_wconf 83' lang='grc'><strong>100</strong></span> <span class='ocrx_word' id='word_1_3' title='bbox 619 158 755 213; x_wconf 80' lang='lat' dir='ltr'>VEGETI</span> 
     </span>
    </p>
   </div>
   <div class='ocr_carea' id='block_1_2' title="bbox 180 327 1190 495">
    <p class='ocr_par' dir='ltr' id='par_1_2' title="bbox 180 327 1190 495">
     <span class='ocr_line' id='line_1_2' title="bbox 180 327 1190 403; baseline 0.003 -17"><span class='ocrx_word' id='word_1_4' title='bbox 180 328 369 386; x_wconf 88' lang='lat' dir='ltr'><strong>vehementer</strong></span> <span class='ocrx_word' id='word_1_5' title='bbox 392 327 468 386; x_wconf 90' lang='lat' dir='ltr'><strong>solvi</strong></span> <span class='ocrx_word' id='word_1_6' title='bbox 493 329 636 403; x_wconf 82' lang='lat' dir='ltr'><strong>coeperit,</strong></span> <span class='ocrx_word' id='word_1_7' title='bbox 667 329 797 386; x_wconf 86' lang='lat' dir='ltr'><strong>caulium</strong></span> <span class='ocrx_word' id='word_1_8' title='bbox 819 330 892 388; x_wconf 86' lang='lat' dir='ltr'><strong>offas</strong></span> <span class='ocrx_word' id='word_1_9' title='bbox 915 329 986 388; x_wconf 90' lang='lat' dir='ltr'><strong>dare</strong></span> <span class='ocrx_word' id='word_1_10' title='bbox 1016 329 1140 389; x_wconf 76' lang='lat' dir='ltr'><strong>desistes</strong></span> <span class='ocrx_word' id='word_1_11' title='bbox 1162 335 1190 388; x_wconf 84' lang='lat' dir='ltr'><strong>et</strong></span> 
     </span>
     <span class='ocr_line' id='line_1_3' title="bbox 181 415 1190 495; baseline 0.003 -21"><span class='ocrx_word' id='word_1_12' title='bbox 181 415 265 475; x_wconf 89' lang='lat' dir='ltr'><strong>dabis</strong></span> <span class='ocrx_word' id='word_1_13' title='bbox 287 416 390 492; x_wconf 89' lang='lat' dir='ltr'><strong>paleas</strong></span> <span class='ocrx_word' id='word_1_14' title='bbox 413 417 444 474; x_wconf 90' lang='lat' dir='ltr'><strong>et</strong></span> <span class='ocrx_word' id='word_1_15' title='bbox 466 415 602 489; x_wconf 83' lang='lat' dir='ltr'><strong>furfures,</strong></span> <span class='ocrx_word' id='word_1_16' title='bbox 624 416 670 475; x_wconf 87' lang='lat' dir='ltr'><strong>ita</strong></span> <span class='ocrx_word' id='word_1_17' title='bbox 691 420 728 475; x_wconf 89' lang='lat' dir='ltr'><strong>ut</strong></span> <span class='ocrx_word' id='word_1_18' title='bbox 751 420 887 493; x_wconf 79' lang='lat' dir='ltr'><strong>sequenti</strong></span> <span class='ocrx_word' id='word_1_19' title='bbox 907 419 955 478; x_wconf 89' lang='lat' dir='ltr'><strong>die</strong></span> <span class='ocrx_word' id='word_1_20' title='bbox 976 417 1096 495; x_wconf 87' lang='lat' dir='ltr'><strong>penitus</strong></span> <span class='ocrx_word' id='word_1_21' title='bbox 1118 419 1190 477; x_wconf 87' lang='lat' dir='ltr'><strong>nihil</strong></span> 
     </span>
    </p>
   </div>
   <div class='ocr_carea' id='block_1_3' title="bbox 58 504 1190 583">
    <p class='ocr_par' dir='ltr' id='par_1_3' title="bbox 58 504 1190 583">
     <span class='ocr_line' id='line_1_4' title="bbox 58 504 1190 583; baseline 0.004 -21"><span class='ocrx_word' id='word_1_22' title='bbox 58 527 63 541; x_wconf 69' lang='lat'><strong><em>¹</em></strong></span> <span class='ocrx_word' id='word_1_23' title='bbox 181 505 352 579; x_wconf 86' lang='lat' dir='ltr'><strong>manducet,</strong></span> <span class='ocrx_word' id='word_1_24' title='bbox 382 506 433 565; x_wconf 91' lang='lat' dir='ltr'><strong>sed</strong></span> <span class='ocrx_word' id='word_1_25' title='bbox 456 504 550 564; x_wconf 89' lang='lat' dir='ltr'><strong>solam</strong></span> <span class='ocrx_word' id='word_1_26' title='bbox 580 524 691 581; x_wconf 91' lang='lat' dir='ltr'><strong>aquam</strong></span> <span class='ocrx_word' id='word_1_27' title='bbox 719 509 868 582; x_wconf 89' lang='lat' dir='ltr'><strong>percipiat</strong></span> <span class='ocrx_word' id='word_1_28' title='bbox 896 508 935 565; x_wconf 90' lang='lat' dir='ltr'><strong>ad</strong></span> <span class='ocrx_word' id='word_1_29' title='bbox 956 508 1129 583; x_wconf 89' lang='lat' dir='ltr'><strong>bibendum,</strong></span> <span class='ocrx_word' id='word_1_30' title='bbox 1158 526 1190 567; x_wconf 89' lang='lat' dir='ltr'><strong>ac</strong></span> 
     </span>
    </p>
   </div>
   <div class='ocr_carea' id='block_1_4' title="bbox 89 594 1221 2363">
    <p class='ocr_par' dir='ltr' id='par_1_4' title="bbox 89 594 1221 2363">
     <span class='ocr_line' id='line_1_5' title="bbox 180 594 1190 671; baseline 0 -19"><span class='ocrx_word' id='word_1_31' title='bbox 180 597 299 671; x_wconf 88' lang='lat' dir='ltr'><strong>postero</strong></span> <span class='ocrx_word' id='word_1_32' title='bbox 323 594 370 652; x_wconf 91' lang='lat' dir='ltr'><strong>die</strong></span> <span class='ocrx_word' id='word_1_33' title='bbox 392 594 551 652; x_wconf 89' lang='lat' dir='ltr'><strong>inducatur</strong></span> <span class='ocrx_word' id='word_1_34' title='bbox 579 597 612 652; x_wconf 89' lang='lat' dir='ltr'><strong>in</strong></span> <span class='ocrx_word' id='word_1_35' title='bbox 635 595 741 654; x_wconf 89' lang='lat' dir='ltr'><strong>cellam</strong></span> <span class='ocrx_word' id='word_1_36' title='bbox 763 595 864 654; x_wconf 81' lang='lat' dir='ltr'><strong>balnei</strong></span> <span class='ocrx_word' id='word_1_37' title='bbox 891 597 1020 656; x_wconf 90' lang='lat' dir='ltr'><strong>calidam</strong></span> <span class='ocrx_word' id='word_1_38' title='bbox 1047 600 1078 655; x_wconf 91' lang='lat' dir='ltr'><strong>et</strong></span> <span class='ocrx_word' id='word_1_39' title='bbox 1100 597 1190 656; x_wconf 86' lang='lat' dir='ltr'><strong>sudet.</strong></span> 
     </span>
     <span class='ocr_line' id='line_1_6' title="bbox 146 681 1221 759; baseline 0.005 -19"><span class='ocrx_word' id='word_1_40' title='bbox 146 681 263 758; x_wconf 87' lang='lat' dir='ltr'><strong>40pus</strong></span> <span class='ocrx_word' id='word_1_41' title='bbox 286 687 332 742; x_wconf 88' lang='lat' dir='ltr'><strong>est</strong></span> <span class='ocrx_word' id='word_1_42' title='bbox 354 686 456 741; x_wconf 89' lang='lat' dir='ltr'><strong>autem</strong></span> <span class='ocrx_word' id='word_1_43' title='bbox 474 683 697 759; x_wconf 66' lang='lat' dir='ltr'><strong>diligentiam</strong></span> <span class='ocrx_word' id='word_1_44' title='bbox 715 684 858 743; x_wconf 88' lang='lat' dir='ltr'><strong>educatur</strong></span> <span class='ocrx_word' id='word_1_45' title='bbox 881 686 1004 744; x_wconf 89' lang='lat' dir='ltr'><strong>celerius</strong></span> <span class='ocrx_word' id='word_1_46' title='bbox 1028 686 1064 743; x_wconf 92' lang='lat' dir='ltr'><strong>de</strong></span> <span class='ocrx_word' id='word_1_47' title='bbox 1088 686 1221 754; x_wconf 71' lang='lat' dir='ltr'><strong>calores</strong></span> 
     </span>
     <span class='ocr_line' id='line_1_7' title="bbox 181 771 1190 853; baseline 0.004 -23"><span class='ocrx_word' id='word_1_48' title='bbox 181 792 218 830; x_wconf 91' lang='lat' dir='ltr'><strong>ne</strong></span> <span class='ocrx_word' id='word_1_49' title='bbox 247 771 407 831; x_wconf 87' lang='lat' dir='ltr'><strong>intercluso</strong></span> <span class='ocrx_word' id='word_1_50' title='bbox 439 773 547 846; x_wconf 91' lang='lat' dir='ltr'><strong>spiritu</strong></span> <span class='ocrx_word' id='word_1_51' title='bbox 575 775 692 847; x_wconf 88' lang='lat' dir='ltr'><strong>pereat:</strong></span> <span class='ocrx_word' id='word_1_52' title='bbox 725 776 797 831; x_wconf 89' lang='lat' dir='ltr'><strong>tunc</strong></span> <span class='ocrx_word' id='word_1_53' title='bbox 829 776 998 852; x_wconf 80' lang='lat' dir='ltr'><strong>extergatur</strong></span> <span class='ocrx_word' id='word_1_54' title='bbox 1026 775 1190 853; x_wconf 78' lang='lat' dir='ltr'><strong>diligenter,</strong></span> 
     </span>
     <span class='ocr_line' id='line_1_8' title="bbox 180 860 1190 939; baseline -0.001 -18"><span class='ocrx_word' id='word_1_55' title='bbox 180 863 308 937; x_wconf 85' lang='lat' dir='ltr'><strong>vinoque</strong></span> <span class='ocrx_word' id='word_1_56' title='bbox 339 864 369 919; x_wconf 90' lang='lat' dir='ltr'><strong>et</strong></span> <span class='ocrx_word' id='word_1_57' title='bbox 399 860 463 920; x_wconf 94' lang='lat' dir='ltr'><strong>oleo</strong></span> <span class='ocrx_word' id='word_1_58' title='bbox 497 861 621 938; x_wconf 87' lang='lat' dir='ltr'><strong>largiter</strong></span> <span class='ocrx_word' id='word_1_59' title='bbox 650 862 827 937; x_wconf 76' lang='lat' dir='ltr'><strong>perfricatus</strong></span> <span class='ocrx_word' id='word_1_60' title='bbox 862 864 989 939; x_wconf 77' lang='lat' dir='ltr'><strong>accipiet</strong></span> <span class='ocrx_word' id='word_1_61' title='bbox 1023 879 1092 922; x_wconf 91' lang='lat' dir='ltr'><strong>cum</strong></span> <span class='ocrx_word' id='word_1_62' title='bbox 1122 862 1190 922; x_wconf 85' lang='lat' dir='ltr'><strong>nitri</strong></span> 
     </span>
     <span class='ocr_line' id='line_1_9' title="bbox 180 949 1189 1026; baseline 0.001 -18"><span class='ocrx_word' id='word_1_63' title='bbox 180 951 301 1026; x_wconf 89' lang='lat' dir='ltr'><strong>pulvere</strong></span> <span class='ocrx_word' id='word_1_64' title='bbox 324 950 398 1008; x_wconf 88' lang='lat' dir='ltr'><strong>folia</strong></span> <span class='ocrx_word' id='word_1_65' title='bbox 427 949 525 1008; x_wconf 91' lang='lat' dir='ltr'><strong>rafani</strong></span> <span class='ocrx_word' id='word_1_66' title='bbox 553 967 722 1025; x_wconf 88' lang='lat' dir='ltr'><strong>conspersa,</strong></span> <span class='ocrx_word' id='word_1_67' title='bbox 754 954 899 1025; x_wconf 89' lang='lat' dir='ltr'><strong>quantum</strong></span> <span class='ocrx_word' id='word_1_68' title='bbox 929 952 1118 1011; x_wconf 88' lang='lat' dir='ltr'><strong>commodum</strong></span> <span class='ocrx_word' id='word_1_69' title='bbox 1141 955 1189 1012; x_wconf 89' lang='lat' dir='ltr'><strong>est.</strong></span> 
     </span>
     <span class='ocr_line' id='line_1_10' title="bbox 145 1038 1212 1101; baseline 0 -5"><span class='ocrx_word' id='word_1_70' title='bbox 145 1038 372 1098; x_wconf 82' lang='lat' dir='ltr'><strong>5Postmcdum</strong></span> <span class='ocrx_word' id='word_1_71' title='bbox 395 1057 462 1097; x_wconf 92' lang='lat' dir='ltr'><strong>cum</strong></span> <span class='ocrx_word' id='word_1_72' title='bbox 484 1038 632 1098; x_wconf 71' lang='lat' dir='ltr'><strong>radicibus</strong></span> <span class='ocrx_word' id='word_1_73' title='bbox 652 1041 816 1098; x_wconf 88' lang='lat' dir='ltr'><strong>cucumeris</strong></span> <span class='ocrx_word' id='word_1_74' title='bbox 840 1041 951 1099; x_wconf 80' lang='lat' dir='ltr'><strong>asinini</strong></span> <span class='ocrx_word' id='word_1_75' title='bbox 968 1041 1074 1100; x_wconf 91' lang='lat' dir='ltr'><strong>viridis</strong></span> <span class='ocrx_word' id='word_1_76' title='bbox 1098 1043 1212 1101; x_wconf 81' lang='lat' dir='ltr'><strong>minu.</strong></span> 
     </span>
     <span class='ocr_line' id='line_1_11' title="bbox 179 1127 1219 1204; baseline 0.002 -18"><span class='ocrx_word' id='word_1_77' title='bbox 179 1128 268 1186; x_wconf 86' lang='lat' dir='ltr'><strong>tatirn</strong></span> <span class='ocrx_word' id='word_1_78' title='bbox 292 1129 416 1186; x_wconf 87' lang='lat' dir='ltr'><strong>concisis</strong></span> <span class='ocrx_word' id='word_1_79' title='bbox 435 1127 533 1187; x_wconf 88' lang='lat' dir='ltr'><strong>oleum</strong></span> <span class='ocrx_word' id='word_1_80' title='bbox 551 1130 698 1204; x_wconf 89' lang='lat' dir='ltr'><strong>optimum</strong></span> <span class='ocrx_word' id='word_1_81' title='bbox 721 1130 826 1187; x_wconf 89' lang='lat' dir='ltr'><strong>misces</strong></span> <span class='ocrx_word' id='word_1_82' title='bbox 849 1131 879 1188; x_wconf 90' lang='lat' dir='ltr'><strong>et</strong></span> <span class='ocrx_word' id='word_1_83' title='bbox 901 1131 934 1188; x_wconf 91' lang='lat' dir='ltr'><strong>in</strong></span> <span class='ocrx_word' id='word_1_84' title='bbox 956 1148 1026 1189; x_wconf 91' lang='lat' dir='ltr'><strong>vase</strong></span> <span class='ocrx_word' id='word_1_85' title='bbox 1049 1148 1129 1190; x_wconf 90' lang='lat' dir='ltr'><strong>novo</strong></span> <span class='ocrx_word' id='word_1_86' title='bbox 1150 1133 1219 1190; x_wconf 82' lang='lat' dir='ltr'><strong>itan</strong></span> 
     </span>
     <span class='ocr_line' id='line_1_12' title="bbox 180 1216 1189 1296; baseline 0.002 -22"><span class='ocrx_word' id='word_1_87' title='bbox 180 1216 324 1291; x_wconf 89' lang='lat' dir='ltr'><strong>deceques</strong></span> <span class='ocrx_word' id='word_1_88' title='bbox 347 1219 382 1275; x_wconf 92' lang='lat' dir='ltr'><strong>ut</strong></span> <span class='ocrx_word' id='word_1_89' title='bbox 404 1218 525 1275; x_wconf 89' lang='lat' dir='ltr'><strong>tertiam</strong></span> <span class='ocrx_word' id='word_1_90' title='bbox 548 1216 668 1293; x_wconf 91' lang='lat' dir='ltr'><strong>perdat:</strong></span> <span class='ocrx_word' id='word_1_91' title='bbox 692 1235 727 1275; x_wconf 84' lang='lat' dir='ltr'><strong>ex</strong></span> <span class='ocrx_word' id='word_1_92' title='bbox 750 1237 809 1293; x_wconf 92' lang='lat' dir='ltr'><strong>quo</strong></span> <span class='ocrx_word' id='word_1_93' title='bbox 828 1220 961 1296; x_wconf 85' lang='lat' dir='ltr'><strong>singulas</strong></span> <span class='ocrx_word' id='word_1_94' title='bbox 983 1218 1121 1279; x_wconf 80' lang='lat' dir='ltr'><strong>hemines</strong></span> <span class='ocrx_word' id='word_1_95' title='bbox 1143 1238 1189 1295; x_wconf 88' lang='lat' dir='ltr'><strong>per</strong></span> 
     </span>
     <span class='ocr_line' id='line_1_13' title="bbox 180 1306 1189 1383; baseline 0.004 -21"><span class='ocrx_word' id='word_1_96' title='bbox 180 1307 281 1381; x_wconf 85' lang='lat' dir='ltr'><strong>capita</strong></span> <span class='ocrx_word' id='word_1_97' title='bbox 311 1306 487 1364; x_wconf 89' lang='lat' dir='ltr'><strong>animalium</strong></span> <span class='ocrx_word' id='word_1_98' title='bbox 516 1325 569 1381; x_wconf 89' lang='lat' dir='ltr'><strong>per</strong></span> <span class='ocrx_word' id='word_1_99' title='bbox 597 1306 730 1364; x_wconf 88' lang='lat' dir='ltr'><strong>triduum</strong></span> <span class='ocrx_word' id='word_1_100' title='bbox 759 1307 855 1381; x_wconf 81' lang='lat' dir='ltr'><strong>dabis,</strong></span> <span class='ocrx_word' id='word_1_101' title='bbox 885 1311 920 1366; x_wconf 89' lang='lat' dir='ltr'><strong>ut</strong></span> <span class='ocrx_word' id='word_1_102' title='bbox 948 1310 1031 1383; x_wconf 89' lang='lat' dir='ltr'><strong>potio</strong></span> <span class='ocrx_word' id='word_1_103' title='bbox 1059 1312 1189 1368; x_wconf 88' lang='lat' dir='ltr'><strong>ventrem</strong></span> 
     </span>
     <span class='ocr_line' id='line_1_14' title="bbox 145 1393 1190 1471; baseline 0.003 -19"><span class='ocrx_word' id='word_1_104' title='bbox 145 1394 318 1453; x_wconf 75' lang='lat' dir='ltr'><strong>bresolvat.</strong></span> <span class='ocrx_word' id='word_1_105' title='bbox 360 1393 418 1452; x_wconf 86' lang='lat' dir='ltr'><strong>Sed</strong></span> <span class='ocrx_word' id='word_1_106' title='bbox 441 1397 467 1453; x_wconf 89' lang='lat' dir='ltr'><strong>si</strong></span> <span class='ocrx_word' id='word_1_107' title='bbox 488 1395 570 1452; x_wconf 90' lang='lat' dir='ltr'><strong>ultra</strong></span> <span class='ocrx_word' id='word_1_108' title='bbox 597 1394 718 1454; x_wconf 90' lang='lat' dir='ltr'><strong>modum</strong></span> <span class='ocrx_word' id='word_1_109' title='bbox 746 1398 877 1471; x_wconf 87' lang='lat' dir='ltr'><strong>coeperit</strong></span> <span class='ocrx_word' id='word_1_110' title='bbox 898 1396 997 1471; x_wconf 87' lang='lat' dir='ltr'><strong>fluere,</strong></span> <span class='ocrx_word' id='word_1_111' title='bbox 1018 1397 1190 1457; x_wconf 78' lang='lat' dir='ltr'><strong>lenticulam</strong></span> 
     </span>
     <span class='ocr_line' id='line_1_15' title="bbox 181 1482 1189 1565; baseline 0.004 -25"><span class='ocrx_word' id='word_1_112' title='bbox 181 1485 211 1540; x_wconf 88' lang='lat' dir='ltr'><strong>et</strong></span> <span class='ocrx_word' id='word_1_113' title='bbox 232 1482 376 1541; x_wconf 88' lang='lat' dir='ltr'><strong>hordeum</strong></span> <span class='ocrx_word' id='word_1_114' title='bbox 405 1485 471 1559; x_wconf 90' lang='lat' dir='ltr'><strong>pari</strong></span> <span class='ocrx_word' id='word_1_115' title='bbox 499 1502 637 1542; x_wconf 89' lang='lat' dir='ltr'><strong>mensura</strong></span> <span class='ocrx_word' id='word_1_116' title='bbox 660 1485 751 1562; x_wconf 84' lang='lat' dir='ltr'><strong>friges</strong></span> <span class='ocrx_word' id='word_1_117' title='bbox 778 1488 809 1543; x_wconf 89' lang='lat' dir='ltr'><strong>et</strong></span> <span class='ocrx_word' id='word_1_118' title='bbox 831 1484 867 1543; x_wconf 92' lang='lat' dir='ltr'><strong>de</strong></span> <span class='ocrx_word' id='word_1_119' title='bbox 896 1485 942 1544; x_wconf 91' lang='lat' dir='ltr'><strong>his</strong></span> <span class='ocrx_word' id='word_1_120' title='bbox 970 1485 1105 1565; x_wconf 87' lang='lat' dir='ltr'><strong>singulas</strong></span> <span class='ocrx_word' id='word_1_121' title='bbox 1128 1486 1189 1545; x_wconf 87' lang='lat' dir='ltr'><strong>bili·</strong></span> 
     </span>
     <span class='ocr_line' id='line_1_16' title="bbox 147 1572 1218 1651; baseline 0.006 -21"><span class='ocrx_word' id='word_1_122' title='bbox 147 1572 247 1631; x_wconf 72' lang='lat' dir='ltr'><strong>lbres</strong></span> <span class='ocrx_word' id='word_1_123' title='bbox 270 1572 333 1630; x_wconf 90' lang='lat' dir='ltr'><strong>dies</strong></span> <span class='ocrx_word' id='word_1_124' title='bbox 356 1573 488 1650; x_wconf 85' lang='lat' dir='ltr'><strong>singulos</strong></span> <span class='ocrx_word' id='word_1_125' title='bbox 517 1590 584 1631; x_wconf 93' lang='lat' dir='ltr'><strong>cum</strong></span> <span class='ocrx_word' id='word_1_126' title='bbox 607 1574 721 1631; x_wconf 88' lang='lat' dir='ltr'><strong>furfure</strong></span> <span class='ocrx_word' id='word_1_127' title='bbox 750 1576 779 1631; x_wconf 88' lang='lat' dir='ltr'><strong>et</strong></span> <span class='ocrx_word' id='word_1_128' title='bbox 801 1575 896 1650; x_wconf 89' lang='lat' dir='ltr'><strong>paleis</strong></span> <span class='ocrx_word' id='word_1_129' title='bbox 920 1574 1013 1634; x_wconf 89' lang='lat' dir='ltr'><strong>dabis.</strong></span> <span class='ocrx_word' id='word_1_130' title='bbox 1056 1575 1189 1651; x_wconf 81' lang='lat' dir='ltr'><strong>Quinque</strong></span> <span class='ocrx_word' id='word_1_131' title='bbox 1201 1597 1218 1636; x_wconf 81' lang='lat' dir='ltr'><strong>u</strong></span> 
     </span>
     <span class='ocr_line' id='line_1_17' title="bbox 89 1660 1189 1739; baseline 0.001 -18"><span class='ocrx_word' id='word_1_132' title='bbox 89 1714 93 1721; x_wconf 87' lang='lat'><em>.</em></span> <span class='ocrx_word' id='word_1_133' title='bbox 180 1664 283 1735; x_wconf 87' lang='lat' dir='ltr'><strong>itaque</strong></span> <span class='ocrx_word' id='word_1_134' title='bbox 306 1660 409 1719; x_wconf 89' lang='lat' dir='ltr'><strong>diebus</strong></span> <span class='ocrx_word' id='word_1_135' title='bbox 432 1680 552 1735; x_wconf 88' lang='lat' dir='ltr'><strong>operam</strong></span> <span class='ocrx_word' id='word_1_136' title='bbox 579 1663 735 1721; x_wconf 83' lang='lat' dir='ltr'><strong>refectioni</strong></span> <span class='ocrx_word' id='word_1_137' title='bbox 762 1664 825 1721; x_wconf 89' lang='lat' dir='ltr'><strong>eius</strong></span> <span class='ocrx_word' id='word_1_138' title='bbox 850 1663 1003 1739; x_wconf 86' lang='lat' dir='ltr'><strong>impendes</strong></span> <span class='ocrx_word' id='word_1_139' title='bbox 1030 1668 1062 1723; x_wconf 90' lang='lat' dir='ltr'><strong>et</strong></span> <span class='ocrx_word' id='word_1_140' title='bbox 1088 1665 1189 1724; x_wconf 88' lang='lat' dir='ltr'><strong>leviter</strong></span> 
     </span>
     <span class='ocr_line' id='line_1_18' title="bbox 133 1749 1189 1835; baseline 0.002 -27"><span class='ocrx_word' id='word_1_141' title='bbox 133 1813 140 1835; x_wconf 35' lang='lat'><strong><em>⁹</em></strong></span> <span class='ocrx_word' id='word_1_142' title='bbox 181 1749 336 1824; x_wconf 82' lang='lat' dir='ltr'><strong>exercebis,</strong></span> <span class='ocrx_word' id='word_1_143' title='bbox 359 1752 394 1807; x_wconf 92' lang='lat' dir='ltr'><strong>ut</strong></span> <span class='ocrx_word' id='word_1_144' title='bbox 416 1750 568 1827; x_wconf 87' lang='lat' dir='ltr'><strong>intelligas</strong></span> <span class='ocrx_word' id='word_1_145' title='bbox 594 1754 740 1825; x_wconf 89' lang='lat' dir='ltr'><strong>quantum</strong></span> <span class='ocrx_word' id='word_1_146' title='bbox 762 1752 840 1811; x_wconf 89' lang='lat' dir='ltr'><strong>vires</strong></span> <span class='ocrx_word' id='word_1_147' title='bbox 868 1752 999 1829; x_wconf 86' lang='lat' dir='ltr'><strong>corporis</strong></span> <span class='ocrx_word' id='word_1_148' title='bbox 1022 1754 1189 1830; x_wconf 75' lang='lat' dir='ltr'><strong>sanitasque</strong></span> 
     </span>
     <span class='ocr_line' id='line_1_19' title="bbox 181 1837 1189 1917; baseline 0.005 -22"><span class='ocrx_word' id='word_1_149' title='bbox 181 1838 348 1914; x_wconf 87' lang='lat' dir='ltr'><strong>profecerit.</strong></span> <span class='ocrx_word' id='word_1_150' title='bbox 394 1837 466 1896; x_wconf 89' lang='lat' dir='ltr'><strong>Post</strong></span> <span class='ocrx_word' id='word_1_151' title='bbox 488 1838 560 1898; x_wconf 91' lang='lat' dir='ltr'><strong>haec</strong></span> <span class='ocrx_word' id='word_1_152' title='bbox 584 1859 651 1897; x_wconf 90' lang='lat' dir='ltr'><strong>cum</strong></span> <span class='ocrx_word' id='word_1_153' title='bbox 673 1859 728 1915; x_wconf 91' lang='lat' dir='ltr'><strong>pro</strong></span> <span class='ocrx_word' id='word_1_154' title='bbox 756 1840 879 1899; x_wconf 86' lang='lat' dir='ltr'><strong>arbitrio</strong></span> <span class='ocrx_word' id='word_1_155' title='bbox 903 1841 1103 1917; x_wconf 87' lang='lat' dir='ltr'><strong>despumabis.</strong></span> <span class='ocrx_word' id='word_1_156' title='bbox 1145 1841 1189 1900; x_wconf 83' lang='lat' dir='ltr'><strong>Se-</strong></span> 
     </span>
     <span class='ocr_line' id='line_1_20' title="bbox 183 1928 1189 2005; baseline 0.006 -21"><span class='ocrx_word' id='word_1_157' title='bbox 183 1929 286 2001; x_wconf 90' lang='lat' dir='ltr'><strong>quenti</strong></span> <span class='ocrx_word' id='word_1_158' title='bbox 309 1928 356 1985; x_wconf 89' lang='lat' dir='ltr'><strong>die</strong></span> <span class='ocrx_word' id='word_1_159' title='bbox 380 1932 470 2002; x_wconf 90' lang='lat' dir='ltr'><strong>caput</strong></span> <span class='ocrx_word' id='word_1_160' title='bbox 497 1929 561 1986; x_wconf 88' lang='lat' dir='ltr'><strong>eius</strong></span> <span class='ocrx_word' id='word_1_161' title='bbox 589 1928 731 2005; x_wconf 83' lang='lat' dir='ltr'><strong>purgabis</strong></span> <span class='ocrx_word' id='word_1_162' title='bbox 755 1949 790 1988; x_wconf 82' lang='lat' dir='ltr'><strong>er</strong></span> <span class='ocrx_word' id='word_1_163' title='bbox 820 1931 900 1988; x_wconf 83' lang='lat' dir='ltr'><strong>oriza</strong></span> <span class='ocrx_word' id='word_1_164' title='bbox 923 1931 971 1989; x_wconf 90' lang='lat' dir='ltr'><strong>vel</strong></span> <span class='ocrx_word' id='word_1_165' title='bbox 994 1932 1096 1990; x_wconf 90' lang='lat' dir='ltr'><strong>radice</strong></span> <span class='ocrx_word' id='word_1_166' title='bbox 1124 1931 1189 1989; x_wconf 84' lang='lat' dir='ltr'><strong>Dia·</strong></span> 
     </span>
     <span class='ocr_line' id='line_1_21' title="bbox 181 2016 1219 2094; baseline 0.006 -21"><span class='ocrx_word' id='word_1_167' title='bbox 181 2017 274 2090; x_wconf 88' lang='lat' dir='ltr'><strong>naria,</strong></span> <span class='ocrx_word' id='word_1_168' title='bbox 299 2035 389 2091; x_wconf 88' lang='lat' dir='ltr'><strong>quarn</strong></span> <span class='ocrx_word' id='word_1_169' title='bbox 411 2016 605 2076; x_wconf 85' lang='lat' dir='ltr'><strong>Artemisiam</strong></span> <span class='ocrx_word' id='word_1_170' title='bbox 628 2018 767 2076; x_wconf 83' lang='lat' dir='ltr'><strong>dicimus:</strong></span> <span class='ocrx_word' id='word_1_171' title='bbox 790 2019 816 2076; x_wconf 91' lang='lat' dir='ltr'><strong>si</strong></span> <span class='ocrx_word' id='word_1_172' title='bbox 838 2018 911 2077; x_wconf 89' lang='lat' dir='ltr'><strong>haec</strong></span> <span class='ocrx_word' id='word_1_173' title='bbox 933 2038 994 2078; x_wconf 90' lang='lat' dir='ltr'><strong>non</strong></span> <span class='ocrx_word' id='word_1_174' title='bbox 1016 2021 1138 2094; x_wconf 87' lang='lat' dir='ltr'><strong>fuerint,</strong></span> <span class='ocrx_word' id='word_1_175' title='bbox 1160 2038 1219 2079; x_wconf 80' lang='lat' dir='ltr'><strong>eru</strong></span> 
     </span>
     <span class='ocr_line' id='line_1_22' title="bbox 147 2105 1189 2184; baseline 0.003 -22"><span class='ocrx_word' id='word_1_176' title='bbox 147 2105 344 2179; x_wconf 88' lang='lat' dir='ltr'><strong>8liquamine</strong></span> <span class='ocrx_word' id='word_1_177' title='bbox 367 2106 480 2180; x_wconf 88' lang='lat' dir='ltr'><strong>optimo</strong></span> <span class='ocrx_word' id='word_1_178' title='bbox 504 2124 571 2164; x_wconf 89' lang='lat' dir='ltr'><strong>oum</strong></span> <span class='ocrx_word' id='word_1_179' title='bbox 589 2106 654 2165; x_wconf 92' lang='lat' dir='ltr'><strong>oleo</strong></span> <span class='ocrx_word' id='word_1_180' title='bbox 677 2108 778 2166; x_wconf 76' lang='lat' dir='ltr'><strong>mixto.</strong></span> <span class='ocrx_word' id='word_1_181' title='bbox 826 2106 917 2165; x_wconf 64' lang='lat' dir='ltr'><strong>(iuius</strong></span> <span class='ocrx_word' id='word_1_182' title='bbox 935 2111 1026 2183; x_wconf 90' lang='lat' dir='ltr'><strong>caput</strong></span> <span class='ocrx_word' id='word_1_183' title='bbox 1048 2109 1189 2184; x_wconf 88' lang='lat' dir='ltr'><strong>pedesque</strong></span> 
     </span>
     <span class='ocr_line' id='line_1_23' title="bbox 182 2194 1189 2274; baseline 0.006 -23"><span class='ocrx_word' id='word_1_184' title='bbox 182 2195 324 2268; x_wconf 82' lang='lat' dir='ltr'><strong>conectis3</strong></span> <span class='ocrx_word' id='word_1_185' title='bbox 348 2214 415 2253; x_wconf 90' lang='lat' dir='ltr'><strong>cum</strong></span> <span class='ocrx_word' id='word_1_186' title='bbox 437 2194 511 2253; x_wconf 87' lang='lat' dir='ltr'><strong>benc</strong></span> <span class='ocrx_word' id='word_1_187' title='bbox 529 2197 690 2272; x_wconf 88' lang='lat' dir='ltr'><strong>purgatum</strong></span> <span class='ocrx_word' id='word_1_188' title='bbox 709 2198 874 2273; x_wconf 83' lang='lat' dir='ltr'><strong>agnoveris,</strong></span> <span class='ocrx_word' id='word_1_189' title='bbox 897 2197 1013 2256; x_wconf 86' lang='lat' dir='ltr'><strong>solvito.</strong></span> <span class='ocrx_word' id='word_1_190' title='bbox 1047 2198 1189 2274; x_wconf 85' lang='lat' dir='ltr'><strong>Butyrum</strong></span> 
     </span>
     <span class='ocr_line' id='line_1_24' title="bbox 166 2283 1189 2363; baseline 0.005 -23"><span class='ocrx_word' id='word_1_191' title='bbox 166 2303 217 2359; x_wconf 82' lang='lat' dir='ltr'><strong>¹er</strong></span> <span class='ocrx_word' id='word_1_192' title='bbox 240 2283 304 2342; x_wconf 89' lang='lat' dir='ltr'><strong>oleo</strong></span> <span class='ocrx_word' id='word_1_193' title='bbox 326 2302 410 2342; x_wconf 89' lang='lat' dir='ltr'><strong>roseo</strong></span> <span class='ocrx_word' id='word_1_194' title='bbox 439 2285 569 2343; x_wconf 88' lang='lat' dir='ltr'><strong>solutum</strong></span> <span class='ocrx_word' id='word_1_195' title='bbox 596 2285 734 2343; x_wconf 84' lang='lat' dir='ltr'><strong>infundes</strong></span> <span class='ocrx_word' id='word_1_196' title='bbox 764 2287 796 2342; x_wconf 90' lang='lat' dir='ltr'><strong>in</strong></span> <span class='ocrx_word' id='word_1_197' title='bbox 823 2303 923 2360; x_wconf 87' lang='lat' dir='ltr'><strong>nares,</strong></span> <span class='ocrx_word' id='word_1_198' title='bbox 953 2288 987 2343; x_wconf 93' lang='lat' dir='ltr'><strong>ut</strong></span> <span class='ocrx_word' id='word_1_199' title='bbox 1009 2286 1064 2346; x_wconf 90' lang='lat' dir='ltr'><strong>illo</strong></span> <span class='ocrx_word' id='word_1_200' title='bbox 1085 2304 1189 2363; x_wconf 87' lang='lat' dir='ltr'><strong>purga-</strong></span> 
     </span>
    </p>
   </div>
   <div class='ocr_carea' id='block_1_5' title="bbox 254 2451 790 2507">
    <p class='ocr_par' dir='ltr' id='par_1_5' title="bbox 254 2451 790 2507">
     <span class='ocr_line' id='line_1_25' title="bbox 254 2451 790 2507; baseline 0.004 -2"><span class='ocrx_word' id='word_1_201' title='bbox 254 2458 270 2505; x_wconf 83' lang='lat'><strong>5</strong></span> <span class='ocrx_word' id='word_1_202' title='bbox 290 2451 363 2506; x_wconf 81' lang='lat' dir='ltr'><strong>Chir.</strong></span> <span class='ocrx_word' id='word_1_203' title='bbox 379 2470 401 2506; x_wconf 87' lang='lat' dir='ltr'><strong>c.</strong></span> <span class='ocrx_word' id='word_1_204' title='bbox 417 2459 476 2506; x_wconf 79' lang='lat'>251.</span> <span class='ocrx_word' id='word_1_205' title='bbox 551 2459 584 2507; x_wconf 75' lang='lat'><strong>15</strong></span> <span class='ocrx_word' id='word_1_206' title='bbox 604 2451 715 2506; x_wconf 67' lang='lat' dir='ltr'><strong>Chim.</strong></span> <span class='ocrx_word' id='word_1_207' title='bbox 732 2459 790 2507; x_wconf 72' lang='lat' dir='ltr'><strong>aba.</strong></span> 
     </span>
    </p>
   </div>
   <div class='ocr_carea' id='block_1_6' title="bbox 111 2611 1189 3604">
    <p class='ocr_par' dir='ltr' id='par_1_6' title="bbox 111 2611 1189 3604">
     <span class='ocr_line' id='line_1_26' title="bbox 255 2611 1188 2686; baseline 0.005 -21"><span class='ocrx_word' id='word_1_208' title='bbox 255 2611 506 2667; x_wconf 86' lang='lat' dir='ltr'><strong>lvehementiusP</strong></span> <span class='ocrx_word' id='word_1_209' title='bbox 520 2614 524 2681; x_wconf 89' lang='grc' dir='ltr'>Ι</span> <span class='ocrx_word' id='word_1_210' title='bbox 540 2613 681 2667; x_wconf 85' lang='lat' dir='ltr'><strong>solvereA</strong></span> <span class='ocrx_word' id='word_1_211' title='bbox 697 2613 701 2686; x_wconf 96' lang='grc' dir='ltr'>Ι</span> <span class='ocrx_word' id='word_1_212' title='bbox 717 2613 855 2682; x_wconf 89' lang='lat' dir='ltr'><strong>inceperit</strong></span> <span class='ocrx_word' id='word_1_213' title='bbox 863 2615 935 2684; x_wconf 72' lang='lat' dir='ltr'><strong>culp.</strong></span> <span class='ocrx_word' id='word_1_214' title='bbox 953 2617 957 2683; x_wconf 93' lang='grc' dir='ltr'>Ι</span> <span class='ocrx_word' id='word_1_215' title='bbox 974 2614 1074 2671; x_wconf 86' lang='lat' dir='ltr'><strong>offeres</strong></span> <span class='ocrx_word' id='word_1_216' title='bbox 1084 2617 1112 2670; x_wconf 91' lang='lat' dir='ltr'><strong>d.</strong></span> <span class='ocrx_word' id='word_1_217' title='bbox 1123 2614 1188 2670; x_wconf 84' lang='lat' dir='ltr'><strong>deai-</strong></span> 
     </span>
     <span class='ocr_line' id='line_1_27' title="bbox 182 2682 1186 2757; baseline 0.007 -22"><span class='ocrx_word' id='word_1_218' title='bbox 182 2683 234 2737; x_wconf 87' lang='lat' dir='ltr'><strong>stia</strong></span> <span class='ocrx_word' id='word_1_219' title='bbox 248 2684 275 2736; x_wconf 86' lang='lat' dir='ltr'><strong><em>A</em></strong></span> <span class='ocrx_word' id='word_1_220' title='bbox 291 2682 296 2752; x_wconf 97' lang='grc' dir='ltr'>Ι</span> <span class='ocrx_word' id='word_1_221' title='bbox 313 2684 342 2735; x_wconf 89' lang='lat' dir='ltr'><strong>et</strong></span> <span class='ocrx_word' id='word_1_222' title='bbox 355 2683 443 2737; x_wconf 88' lang='lat' dir='ltr'><strong>Psed</strong></span> <span class='ocrx_word' id='word_1_223' title='bbox 457 2685 529 2754; x_wconf 78' lang='lat' dir='ltr'><strong>culp.</strong></span> <span class='ocrx_word' id='word_1_224' title='bbox 543 2686 552 2752; x_wconf 94' lang='grc' dir='ltr'><strong>ΙΙ</strong></span> <span class='ocrx_word' id='word_1_225' title='bbox 566 2691 582 2736; x_wconf 98' lang='grc'><strong>2</strong></span> <span class='ocrx_word' id='word_1_226' title='bbox 596 2683 689 2753; x_wconf 89' lang='lat' dir='ltr'><strong>palias</strong></span> <span class='ocrx_word' id='word_1_227' title='bbox 703 2685 730 2738; x_wconf 96' lang='lat' dir='ltr'><strong><em>A</em></strong></span> <span class='ocrx_word' id='word_1_228' title='bbox 747 2686 751 2754; x_wconf 96' lang='grc' dir='ltr'>Ι</span> <span class='ocrx_word' id='word_1_229' title='bbox 768 2686 817 2737; x_wconf 86' lang='lat' dir='ltr'><strong>aut</strong></span> <span class='ocrx_word' id='word_1_230' title='bbox 830 2685 849 2737; x_wconf 88' lang='lat' dir='ltr'><strong>f.</strong></span> <span class='ocrx_word' id='word_1_231' title='bbox 865 2688 910 2752; x_wconf 88' lang='grc' dir='ltr'><strong>ΡΙ</strong></span> <span class='ocrx_word' id='word_1_232' title='bbox 927 2689 1063 2755; x_wconf 88' lang='lat' dir='ltr'><strong>sequente</strong></span> <span class='ocrx_word' id='word_1_233' title='bbox 1075 2689 1116 2742; x_wconf 87' lang='lat' dir='ltr'><strong>cd.</strong></span> <span class='ocrx_word' id='word_1_234' title='bbox 1127 2693 1186 2757; x_wconf 85' lang='lat' dir='ltr'><strong>pr.&#39;</strong></span> 
     </span>
     <span class='ocr_line' id='line_1_28' title="bbox 183 2753 1188 2824; baseline 0.004 -18"><span class='ocrx_word' id='word_1_235' title='bbox 183 2753 229 2807; x_wconf 89' lang='lat' dir='ltr'><strong>die</strong></span> <span class='ocrx_word' id='word_1_236' title='bbox 247 2769 298 2807; x_wconf 71' lang='lat' dir='ltr'><strong>cra.</strong></span> <span class='ocrx_word' id='word_1_237' title='bbox 314 2754 341 2807; x_wconf 96' lang='lat' dir='ltr'><strong><em>A</em></strong></span> <span class='ocrx_word' id='word_1_238' title='bbox 363 2756 373 2822; x_wconf 95' lang='grc' dir='ltr'><strong>ΙΙ</strong></span> <span class='ocrx_word' id='word_1_239' title='bbox 396 2754 568 2823; x_wconf 66' lang='lat' dir='ltr'><strong>apercipiet</strong></span> <span class='ocrx_word' id='word_1_240' title='bbox 586 2756 614 2808; x_wconf 92' lang='lat' dir='ltr'><strong><em>P</em></strong></span> <span class='ocrx_word' id='word_1_241' title='bbox 629 2756 638 2823; x_wconf 95' lang='grc' dir='ltr'><strong>ΙΙ</strong></span> <span class='ocrx_word' id='word_1_242' title='bbox 661 2761 678 2808; x_wconf 86' lang='grc'>4</span> <span class='ocrx_word' id='word_1_243' title='bbox 696 2758 837 2824; x_wconf 83' lang='lat' dir='ltr'><strong>postremo</strong></span> <span class='ocrx_word' id='word_1_244' title='bbox 856 2758 884 2810; x_wconf 92' lang='lat' dir='ltr'><strong><em>P</em></strong></span> <span class='ocrx_word' id='word_1_245' title='bbox 904 2759 914 2824; x_wconf 92' lang='grc' dir='ltr'><strong>ΙΙ</strong></span> <span class='ocrx_word' id='word_1_246' title='bbox 936 2762 952 2810; x_wconf 79' lang='grc' dir='ltr'><strong>ὁ</strong></span> <span class='ocrx_word' id='word_1_247' title='bbox 972 2760 1015 2812; x_wconf 82' lang='lat' dir='ltr'><strong>eat</strong></span> <span class='ocrx_word' id='word_1_248' title='bbox 1034 2760 1129 2813; x_wconf 84' lang='lat' dir='ltr'><strong>autem</strong></span> <span class='ocrx_word' id='word_1_249' title='bbox 1146 2772 1188 2811; x_wconf 90' lang='lat' dir='ltr'><strong>nc·</strong></span> 
     </span>
     <span class='ocr_line' id='line_1_29' title="bbox 182 2823 1189 2898; baseline 0.004 -19"><span class='ocrx_word' id='word_1_250' title='bbox 182 2824 305 2879; x_wconf 82' lang='lat' dir='ltr'><strong>cessaria</strong></span> <span class='ocrx_word' id='word_1_251' title='bbox 324 2823 350 2876; x_wconf 86' lang='lat' dir='ltr'><strong>d.</strong></span> <span class='ocrx_word' id='word_1_252' title='bbox 366 2826 394 2878; x_wconf 91' lang='lat' dir='ltr'><strong><em>P</em></strong></span> <span class='ocrx_word' id='word_1_253' title='bbox 429 2827 433 2894; x_wconf 94' lang='grc' dir='ltr'>Ι</span> <span class='ocrx_word' id='word_1_254' title='bbox 460 2825 611 2878; x_wconf 82' lang='lat' dir='ltr'><strong>reducatur</strong></span> <span class='ocrx_word' id='word_1_255' title='bbox 634 2826 762 2881; x_wconf 86' lang='lat' dir='ltr'><strong>celeriter</strong></span> <span class='ocrx_word' id='word_1_256' title='bbox 784 2828 823 2881; x_wconf 86' lang='lat' dir='ltr'><strong>cd.</strong></span> <span class='ocrx_word' id='word_1_257' title='bbox 835 2845 880 2896; x_wconf 78' lang='lat' dir='ltr'><strong>pr.</strong></span> <span class='ocrx_word' id='word_1_258' title='bbox 916 2830 926 2898; x_wconf 95' lang='grc' dir='ltr'>Ι</span> <span class='ocrx_word' id='word_1_259' title='bbox 962 2833 978 2881; x_wconf 83' lang='lat'><strong>6</strong></span> <span class='ocrx_word' id='word_1_260' title='bbox 996 2831 1041 2883; x_wconf 89' lang='lat' dir='ltr'><strong>ter</strong></span> <span class='ocrx_word' id='word_1_261' title='bbox 1079 2833 1125 2884; x_wconf 88' lang='lat' dir='ltr'><strong>tur</strong></span> <span class='ocrx_word' id='word_1_262' title='bbox 1143 2831 1169 2883; x_wconf 93' lang='lat' dir='ltr'><strong><em>P</em></strong></span> <span class='ocrx_word' id='word_1_263' title='bbox 1181 2827 1189 2895; x_wconf 92' lang='grc' dir='ltr'><strong>ΙΙ</strong></span> 
     </span>
     <span class='ocr_line' id='line_1_30' title="bbox 183 2896 1189 2967; baseline 0.003 -20"><span class='ocrx_word' id='word_1_264' title='bbox 183 2900 269 2948; x_wconf 78' lang='grc'><strong>7-11</strong></span> <span class='ocrx_word' id='word_1_265' title='bbox 288 2896 329 2949; x_wconf 85' lang='lat' dir='ltr'><strong>aio</strong></span> <span class='ocrx_word' id='word_1_266' title='bbox 346 2896 378 2949; x_wconf 76' lang='lat' dir='ltr'><strong>iu</strong></span> <span class='ocrx_word' id='word_1_267' title='bbox 391 2897 430 2950; x_wconf 89' lang='lat' dir='ltr'><strong>P:</strong></span> <span class='ocrx_word' id='word_1_268' title='bbox 456 2912 512 2949; x_wconf 85' lang='lat' dir='ltr'><strong>acc.</strong></span> <span class='ocrx_word' id='word_1_269' title='bbox 532 2896 605 2950; x_wconf 89' lang='lat' dir='ltr'><strong>hanc</strong></span> <span class='ocrx_word' id='word_1_270' title='bbox 622 2898 766 2966; x_wconf 89' lang='lat' dir='ltr'><strong>potionem</strong></span> <span class='ocrx_word' id='word_1_271' title='bbox 784 2898 907 2967; x_wconf 88' lang='lat' dir='ltr'><strong>pulveris</strong></span> <span class='ocrx_word' id='word_1_272' title='bbox 925 2899 994 2953; x_wconf 86' lang='lat' dir='ltr'><strong>nitri</strong></span> <span class='ocrx_word' id='word_1_273' title='bbox 1016 2900 1031 2953; x_wconf 84' lang='lat' dir='ltr'>f</span> <span class='ocrx_word' id='word_1_274' title='bbox 1060 2901 1086 2955; x_wconf 88' lang='lat' dir='ltr'><strong>&#39;a</strong></span> <span class='ocrx_word' id='word_1_275' title='bbox 1102 2897 1189 2954; x_wconf 87' lang='lat' dir='ltr'><strong>rafani</strong></span> 
     </span>
     <span class='ocr_line' id='line_1_31' title="bbox 182 2965 1189 3042; baseline 0.003 -23"><span class='ocrx_word' id='word_1_276' title='bbox 182 2966 291 3020; x_wconf 87' lang='lat' dir='ltr'><strong>radices</strong></span> <span class='ocrx_word' id='word_1_277' title='bbox 316 2965 470 3020; x_wconf 80' lang='lat' dir='ltr'><strong>cucumeris</strong></span> <span class='ocrx_word' id='word_1_278' title='bbox 496 2967 630 3021; x_wconf 85' lang='lat' dir='ltr'><strong>silvestris</strong></span> <span class='ocrx_word' id='word_1_279' title='bbox 650 2970 710 3023; x_wconf 90' lang='lat' dir='ltr'><strong>tere</strong></span> <span class='ocrx_word' id='word_1_280' title='bbox 735 2971 764 3024; x_wconf 87' lang='lat' dir='ltr'><strong>et</strong></span> <span class='ocrx_word' id='word_1_281' title='bbox 783 2969 856 3024; x_wconf 88' lang='lat' dir='ltr'><strong>addc</strong></span> <span class='ocrx_word' id='word_1_282' title='bbox 881 2970 974 3024; x_wconf 90' lang='lat' dir='ltr'><strong>oleum</strong></span> <span class='ocrx_word' id='word_1_283' title='bbox 999 2988 1140 3042; x_wconf 89' lang='lat' dir='ltr'><strong>concoque</strong></span> <span class='ocrx_word' id='word_1_284' title='bbox 1163 2969 1189 3022; x_wconf 88' lang='lat' dir='ltr'><strong>in</strong></span> 
     </span>
     <span class='ocr_line' id='line_1_32' title="bbox 182 3038 1189 3112; baseline 0.005 -22"><span class='ocrx_word' id='word_1_285' title='bbox 182 3053 248 3092; x_wconf 81' lang='lat' dir='ltr'><strong>vase</strong></span> <span class='ocrx_word' id='word_1_286' title='bbox 273 3054 344 3091; x_wconf 89' lang='lat' dir='ltr'><strong>novo</strong></span> <span class='ocrx_word' id='word_1_287' title='bbox 368 3039 404 3091; x_wconf 88' lang='lat' dir='ltr'><strong>ad</strong></span> <span class='ocrx_word' id='word_1_288' title='bbox 429 3038 550 3092; x_wconf 88' lang='lat' dir='ltr'><strong>tertiam.</strong></span> <span class='ocrx_word' id='word_1_289' title='bbox 567 3069 600 3077; x_wconf 98' lang='lat'><strong>—</strong></span> <span class='ocrx_word' id='word_1_290' title='bbox 614 3056 636 3092; x_wconf 88' lang='lat' dir='ltr'><strong>c.</strong></span> <span class='ocrx_word' id='word_1_291' title='bbox 660 3040 806 3096; x_wconf 83' lang='lat' dir='ltr'><strong>silvaticae</strong></span> <span class='ocrx_word' id='word_1_292' title='bbox 824 3043 906 3096; x_wconf 79' lang='lat' dir='ltr'><strong>etiam</strong></span> <span class='ocrx_word' id='word_1_293' title='bbox 926 3042 998 3097; x_wconf 66' lang='lat' dir='ltr'><strong>Oba.</strong></span> <span class='ocrx_word' id='word_1_294' title='bbox 1030 3044 1040 3112; x_wconf 95' lang='grc' dir='ltr'><strong>ΙΙ</strong></span> <span class='ocrx_word' id='word_1_295' title='bbox 1073 3047 1106 3096; x_wconf 90' lang='grc'><strong>10</strong></span> <span class='ocrx_word' id='word_1_296' title='bbox 1124 3045 1189 3096; x_wconf 80' lang='lat' dir='ltr'><strong>etet</strong></span> 
     </span>
     <span class='ocr_line' id='line_1_33' title="bbox 183 3107 1188 3182; baseline 0.002 -21"><span class='ocrx_word' id='word_1_297' title='bbox 183 3110 226 3161; x_wconf 90' lang='lat' dir='ltr'><strong>ita</strong></span> <span class='ocrx_word' id='word_1_298' title='bbox 244 3124 294 3162; x_wconf 86' lang='lat' dir='ltr'><strong>om.</strong></span> <span class='ocrx_word' id='word_1_299' title='bbox 311 3110 338 3162; x_wconf 86' lang='lat' dir='ltr'><strong><em>A</em></strong></span> <span class='ocrx_word' id='word_1_300' title='bbox 351 3111 360 3177; x_wconf 95' lang='grc' dir='ltr'><strong>ΙΙ</strong></span> <span class='ocrx_word' id='word_1_301' title='bbox 382 3114 415 3161; x_wconf 85' lang='grc'><strong>13</strong></span> <span class='ocrx_word' id='word_1_302' title='bbox 428 3107 455 3162; x_wconf 87' lang='lat' dir='ltr'><strong>fl.</strong></span> <span class='ocrx_word' id='word_1_303' title='bbox 471 3127 494 3163; x_wconf 88' lang='lat' dir='ltr'><strong>c.</strong></span> <span class='ocrx_word' id='word_1_304' title='bbox 509 3111 549 3164; x_wconf 87' lang='lat' dir='ltr'><strong>cd.</strong></span> <span class='ocrx_word' id='word_1_305' title='bbox 560 3127 605 3178; x_wconf 83' lang='lat' dir='ltr'><strong>pr.</strong></span> <span class='ocrx_word' id='word_1_306' title='bbox 628 3112 638 3179; x_wconf 93' lang='grc' dir='ltr'><strong>ΙΙ</strong></span> <span class='ocrx_word' id='word_1_307' title='bbox 661 3118 695 3165; x_wconf 86' lang='grc'><strong>14</strong></span> <span class='ocrx_word' id='word_1_308' title='bbox 709 3114 742 3165; x_wconf 90' lang='lat' dir='ltr'><strong>ut</strong></span> <span class='ocrx_word' id='word_1_309' title='bbox 756 3111 783 3165; x_wconf 83' lang='lat' dir='ltr'><strong>h.</strong></span> <span class='ocrx_word' id='word_1_310' title='bbox 797 3112 905 3180; x_wconf 84' lang='lat' dir='ltr'><strong>pariter</strong></span> <span class='ocrx_word' id='word_1_311' title='bbox 922 3112 1006 3167; x_wconf 83' lang='lat' dir='ltr'><strong>fricas</strong></span> <span class='ocrx_word' id='word_1_312' title='bbox 1025 3117 1053 3169; x_wconf 91' lang='lat' dir='ltr'><strong><em>P</em></strong></span> <span class='ocrx_word' id='word_1_313' title='bbox 1075 3117 1079 3182; x_wconf 91' lang='grc' dir='ltr'>Ι</span> <span class='ocrx_word' id='word_1_314' title='bbox 1104 3115 1133 3168; x_wconf 87' lang='lat' dir='ltr'><strong>et</strong></span> <span class='ocrx_word' id='word_1_315' title='bbox 1149 3110 1188 3165; x_wconf 87' lang='lat' dir='ltr'><strong>hia</strong></span> 
     </span>
     <span class='ocr_line' id='line_1_34' title="bbox 111 3178 1187 3255; baseline 0.002 -23"><span class='ocrx_word' id='word_1_316' title='bbox 111 3187 114 3194; x_wconf 90' lang='grc'><strong><em>’</em></strong></span> <span class='ocrx_word' id='word_1_317' title='bbox 183 3178 308 3250; x_wconf 88' lang='lat' dir='ltr'><strong>singulos</strong></span> <span class='ocrx_word' id='word_1_318' title='bbox 329 3179 353 3232; x_wconf 90' lang='lat' dir='ltr'><strong>b.</strong></span> <span class='ocrx_word' id='word_1_319' title='bbox 370 3181 432 3235; x_wconf 86' lang='lat' dir='ltr'><strong>AP</strong></span> <span class='ocrx_word' id='word_1_320' title='bbox 451 3184 460 3250; x_wconf 93' lang='grc' dir='ltr'><strong>ΙΙ</strong></span> <span class='ocrx_word' id='word_1_321' title='bbox 485 3186 516 3234; x_wconf 88' lang='grc'><strong>16</strong></span> <span class='ocrx_word' id='word_1_322' title='bbox 535 3181 697 3236; x_wconf 85' lang='lat' dir='ltr'><strong>refectionis</strong></span> <span class='ocrx_word' id='word_1_323' title='bbox 715 3184 755 3236; x_wconf 85' lang='lat' dir='ltr'><strong>ed.</strong></span> <span class='ocrx_word' id='word_1_324' title='bbox 766 3201 810 3251; x_wconf 77' lang='lat' dir='ltr'><strong>pr.</strong></span> <span class='ocrx_word' id='word_1_325' title='bbox 827 3185 854 3237; x_wconf 91' lang='lat' dir='ltr'><strong><em>A</em></strong></span> <span class='ocrx_word' id='word_1_326' title='bbox 870 3184 874 3252; x_wconf 97' lang='grc' dir='ltr'>Ι</span> <span class='ocrx_word' id='word_1_327' title='bbox 890 3183 1030 3253; x_wconf 86' lang='lat' dir='ltr'><strong>impendia</strong></span> <span class='ocrx_word' id='word_1_328' title='bbox 1049 3188 1077 3239; x_wconf 87' lang='lat' dir='ltr'><strong><em>A</em></strong></span> <span class='ocrx_word' id='word_1_329' title='bbox 1089 3187 1099 3255; x_wconf 94' lang='grc' dir='ltr'><strong>ΙΙ</strong></span> <span class='ocrx_word' id='word_1_330' title='bbox 1114 3188 1145 3238; x_wconf 75' lang='lat'><strong>17</strong></span> <span class='ocrx_word' id='word_1_331' title='bbox 1163 3183 1187 3237; x_wconf 87' lang='lat' dir='ltr'><strong>et</strong></span> 
     </span>
     <span class='ocr_line' id='line_1_35' title="bbox 186 3250 1188 3325; baseline 0 -20"><span class='ocrx_word' id='word_1_332' title='bbox 186 3251 212 3305; x_wconf 74' lang='lat' dir='ltr'><strong><em>G</em></strong></span> <span class='ocrx_word' id='word_1_333' title='bbox 228 3252 262 3304; x_wconf 85' lang='lat' dir='ltr'><strong>ut</strong></span> <span class='ocrx_word' id='word_1_334' title='bbox 282 3250 396 3306; x_wconf 69' lang='lat' dir='ltr'><strong>G‘cum</strong></span> <span class='ocrx_word' id='word_1_335' title='bbox 414 3253 441 3306; x_wconf 91' lang='lat' dir='ltr'><strong><em>A</em></strong></span> <span class='ocrx_word' id='word_1_336' title='bbox 475 3254 479 3323; x_wconf 98' lang='grc' dir='ltr'>Ι</span> <span class='ocrx_word' id='word_1_337' title='bbox 512 3252 699 3321; x_wconf 89' lang='lat' dir='ltr'><strong>inquantum</strong></span> <span class='ocrx_word' id='word_1_338' title='bbox 717 3255 789 3308; x_wconf 88' lang='lat' dir='ltr'><strong>AM</strong></span> <span class='ocrx_word' id='word_1_339' title='bbox 812 3256 821 3323; x_wconf 93' lang='grc' dir='ltr'><strong>ΙΙ</strong></span> <span class='ocrx_word' id='word_1_340' title='bbox 850 3260 882 3308; x_wconf 88' lang='grc'><strong>18</strong></span> <span class='ocrx_word' id='word_1_341' title='bbox 900 3255 993 3325; x_wconf 85' lang='lat' dir='ltr'><strong>ipsum</strong></span> <span class='ocrx_word' id='word_1_342' title='bbox 1012 3257 1040 3309; x_wconf 91' lang='lat' dir='ltr'><strong><em>P</em></strong></span> <span class='ocrx_word' id='word_1_343' title='bbox 1066 3259 1070 3323; x_wconf 94' lang='grc' dir='ltr'>Ι</span> <span class='ocrx_word' id='word_1_344' title='bbox 1099 3255 1188 3324; x_wconf 86' lang='lat' dir='ltr'><strong>dispu-</strong></span> 
     </span>
     <span class='ocr_line' id='line_1_36' title="bbox 183 3321 1188 3406; baseline 0.005 -33"><span class='ocrx_word' id='word_1_345' title='bbox 183 3321 275 3374; x_wconf 83' lang='lat' dir='ltr'><strong>mabis</strong></span> <span class='ocrx_word' id='word_1_346' title='bbox 294 3323 339 3390; x_wconf 92' lang='grc' dir='ltr'><strong>ΡΙ</strong></span> <span class='ocrx_word' id='word_1_347' title='bbox 356 3326 490 3390; x_wconf 87' lang='lat' dir='ltr'><strong>aequente</strong></span> <span class='ocrx_word' id='word_1_348' title='bbox 508 3325 548 3378; x_wconf 87' lang='lat' dir='ltr'><strong>ed.</strong></span> <span class='ocrx_word' id='word_1_349' title='bbox 562 3341 606 3391; x_wconf 82' lang='lat' dir='ltr'><strong>pr.</strong></span> <span class='ocrx_word' id='word_1_350' title='bbox 631 3326 643 3406; x_wconf 87' lang='grc' dir='ltr'><strong>ΙΙ</strong></span> <span class='ocrx_word' id='word_1_351' title='bbox 664 3329 696 3378; x_wconf 81' lang='grc'><strong>19</strong></span> <span class='ocrx_word' id='word_1_352' title='bbox 716 3325 742 3377; x_wconf 87' lang='lat' dir='ltr'><strong>ci</strong></span> <span class='ocrx_word' id='word_1_353' title='bbox 761 3324 832 3379; x_wconf 85' lang='lat' dir='ltr'><strong>PA¹</strong></span> <span class='ocrx_word' id='word_1_354' title='bbox 852 3329 856 3395; x_wconf 96' lang='grc' dir='ltr'>Ι</span> <span class='ocrx_word' id='word_1_355' title='bbox 877 3327 988 3380; x_wconf 86' lang='lat' dir='ltr'><strong>exorioa</strong></span> <span class='ocrx_word' id='word_1_356' title='bbox 1004 3328 1045 3380; x_wconf 85' lang='lat' dir='ltr'><strong>cd.</strong></span> <span class='ocrx_word' id='word_1_357' title='bbox 1056 3344 1099 3397; x_wconf 79' lang='lat' dir='ltr'><strong>pr.</strong></span> <span class='ocrx_word' id='word_1_358' title='bbox 1115 3327 1141 3380; x_wconf 87' lang='lat' dir='ltr'><strong><em>A</em></strong></span> <span class='ocrx_word' id='word_1_359' title='bbox 1158 3339 1188 3377; x_wconf 83' lang='lat' dir='ltr'><strong>ex</strong></span> 
     </span>
     <span class='ocr_line' id='line_1_37' title="bbox 185 3391 1187 3467; baseline 0.004 -21"><span class='ocrx_word' id='word_1_360' title='bbox 185 3391 260 3446; x_wconf 85' lang='lat' dir='ltr'><strong>oriza</strong></span> <span class='ocrx_word' id='word_1_361' title='bbox 278 3393 306 3445; x_wconf 92' lang='lat' dir='ltr'><strong><em>P</em></strong></span> <span class='ocrx_word' id='word_1_362' title='bbox 319 3393 391 3448; x_wconf 70' lang='lat' dir='ltr'><strong>oter.</strong></span> <span class='ocrx_word' id='word_1_363' title='bbox 413 3396 417 3463; x_wconf 96' lang='grc' dir='ltr'>Ι</span> <span class='ocrx_word' id='word_1_364' title='bbox 440 3409 474 3446; x_wconf 83' lang='lat' dir='ltr'><strong>ex</strong></span> <span class='ocrx_word' id='word_1_365' title='bbox 491 3410 513 3446; x_wconf 88' lang='lat' dir='ltr'><strong>r.</strong></span> <span class='ocrx_word' id='word_1_366' title='bbox 529 3396 557 3448; x_wconf 92' lang='lat' dir='ltr'><strong><em>P</em></strong></span> <span class='ocrx_word' id='word_1_367' title='bbox 579 3396 583 3462; x_wconf 92' lang='grc' dir='ltr'>Ι</span> <span class='ocrx_word' id='word_1_368' title='bbox 608 3394 742 3447; x_wconf 81' lang='lat' dir='ltr'><strong>Dmnaric</strong></span> <span class='ocrx_word' id='word_1_369' title='bbox 760 3396 788 3448; x_wconf 93' lang='lat' dir='ltr'><strong><em>P</em></strong></span> <span class='ocrx_word' id='word_1_370' title='bbox 803 3395 913 3450; x_wconf 83' lang='lat' dir='ltr'><strong>lanaria</strong></span> <span class='ocrx_word' id='word_1_371' title='bbox 933 3398 1005 3452; x_wconf 75' lang='lat' dir='ltr'><strong>cair.</strong></span> <span class='ocrx_word' id='word_1_372' title='bbox 1029 3400 1039 3467; x_wconf 95' lang='grc' dir='ltr'><strong>ΙΙ</strong></span> <span class='ocrx_word' id='word_1_373' title='bbox 1061 3403 1095 3452; x_wconf 88' lang='grc'><strong>20</strong></span> <span class='ocrx_word' id='word_1_374' title='bbox 1112 3396 1187 3450; x_wconf 76' lang='lat' dir='ltr'><strong>Arte·</strong></span> 
     </span>
     <span class='ocr_line' id='line_1_38' title="bbox 185 3461 1188 3534; baseline 0.008 -19"><span class='ocrx_word' id='word_1_375' title='bbox 185 3461 271 3516; x_wconf 88' lang='lat' dir='ltr'><strong>miarn</strong></span> <span class='ocrx_word' id='word_1_376' title='bbox 290 3464 348 3516; x_wconf 89' lang='lat' dir='ltr'><strong>PA</strong></span> <span class='ocrx_word' id='word_1_377' title='bbox 362 3465 371 3532; x_wconf 95' lang='grc' dir='ltr'><strong>ΙΙ</strong></span> <span class='ocrx_word' id='word_1_378' title='bbox 392 3470 425 3517; x_wconf 89' lang='grc'><strong>22</strong></span> <span class='ocrx_word' id='word_1_379' title='bbox 444 3463 545 3517; x_wconf 80' lang='lat' dir='ltr'><strong>solvito</strong></span> <span class='ocrx_word' id='word_1_380' title='bbox 564 3480 614 3518; x_wconf 86' lang='lat' dir='ltr'><strong>om.</strong></span> <span class='ocrx_word' id='word_1_381' title='bbox 626 3467 658 3518; x_wconf 65' lang='lat' dir='ltr'><strong>&#39;P</strong></span> <span class='ocrx_word' id='word_1_382' title='bbox 678 3466 687 3534; x_wconf 94' lang='grc' dir='ltr'><strong>ΙΙ</strong></span> <span class='ocrx_word' id='word_1_383' title='bbox 709 3464 811 3533; x_wconf 86' lang='lat' dir='ltr'><strong>butyro</strong></span> <span class='ocrx_word' id='word_1_384' title='bbox 830 3469 859 3520; x_wconf 91' lang='lat' dir='ltr'><strong>et</strong></span> <span class='ocrx_word' id='word_1_385' title='bbox 877 3466 938 3521; x_wconf 88' lang='lat' dir='ltr'><strong>oleo</strong></span> <span class='ocrx_word' id='word_1_386' title='bbox 952 3485 978 3522; x_wconf 84' lang='lat' dir='ltr'><strong>r.</strong></span> <span class='ocrx_word' id='word_1_387' title='bbox 997 3467 1081 3522; x_wconf 87' lang='lat' dir='ltr'><strong>simul</strong></span> <span class='ocrx_word' id='word_1_388' title='bbox 1098 3466 1188 3522; x_wconf 72' lang='lat' dir='ltr'><strong>mixtis</strong></span> 
     </span>
     <span class='ocr_line' id='line_1_39' title="bbox 185 3533 1123 3604; baseline 0.007 -17"><span class='ocrx_word' id='word_1_389' title='bbox 185 3536 213 3587; x_wconf 92' lang='lat' dir='ltr'><strong><em>P</em></strong></span> <span class='ocrx_word' id='word_1_390' title='bbox 229 3533 323 3587; x_wconf 89' lang='lat' dir='ltr'><strong>butiro</strong></span> <span class='ocrx_word' id='word_1_391' title='bbox 341 3551 362 3587; x_wconf 89' lang='lat' dir='ltr'><strong>r.</strong></span> <span class='ocrx_word' id='word_1_392' title='bbox 382 3536 411 3589; x_wconf 86' lang='lat' dir='ltr'><strong>et</strong></span> <span class='ocrx_word' id='word_1_393' title='bbox 430 3533 490 3587; x_wconf 87' lang='lat' dir='ltr'><strong>oleo</strong></span> <span class='ocrx_word' id='word_1_394' title='bbox 509 3534 678 3603; x_wconf 83' lang='lat' dir='ltr'><strong>permixtum</strong></span> <span class='ocrx_word' id='word_1_395' title='bbox 696 3536 724 3588; x_wconf 87' lang='lat' dir='ltr'><strong><em>A</em></strong></span> <span class='ocrx_word' id='word_1_396' title='bbox 737 3536 746 3604; x_wconf 94' lang='grc' dir='ltr'><strong>ΙΙ</strong></span> <span class='ocrx_word' id='word_1_397' title='bbox 761 3540 794 3588; x_wconf 83' lang='grc'><strong>23</strong></span> <span class='ocrx_word' id='word_1_398' title='bbox 813 3539 845 3588; x_wconf 89' lang='lat' dir='ltr'><strong>ut</strong></span> <span class='ocrx_word' id='word_1_399' title='bbox 863 3537 914 3591; x_wconf 90' lang='lat' dir='ltr'><strong>illa</strong></span> <span class='ocrx_word' id='word_1_400' title='bbox 933 3541 960 3592; x_wconf 93' lang='lat' dir='ltr'><strong><em>P</em></strong></span> <span class='ocrx_word' id='word_1_401' title='bbox 976 3554 1009 3593; x_wconf 86' lang='lat' dir='ltr'><strong>ac</strong></span> <span class='ocrx_word' id='word_1_402' title='bbox 1027 3538 1077 3592; x_wconf 89' lang='lat' dir='ltr'><strong>illa</strong></span> <span class='ocrx_word' id='word_1_403' title='bbox 1096 3541 1123 3594; x_wconf 95' lang='lat' dir='ltr'><strong><em>A</em></strong></span> 
     </span>
    </p>
   </div>
   <div class='ocr_carea' id='block_1_7' title="bbox 0 0 1265 3892">
    <p class='ocr_par' dir='ltr' id='par_1_7' title="bbox 0 0 1265 3892">
     <span class='ocr_line' id='line_1_40' title="bbox 0 0 1265 3892; baseline 0 0"><span class='ocrx_word' id='word_1_404' title='bbox 0 0 1265 3892; x_wconf 95' lang='lat' dir='ltr'><strong> </strong></span> 
     </span>
    </p>
   </div>
  </div>
 </body>
</html>
