2509 3892
608 138 745 214 secun

383 388 518 454 XLIII.
540 389 591 454 De
613 381 819 455 destillatione
840 389 973 454 micis

75 532 223 574 messum·
269 520 302 578 Si
325 521 423 578 cervix
446 520 680 578 destillationem
701 521 849 595 patiatur,
871 519 1017 577 tumidior
1039 517 1179 576 videbitur

100 603 103 608 “
171 628 261 685 qnam
283 609 413 684 oportet,
443 609 568 667 fetorem
590 608 713 667 hebebit
736 610 953 667 canceraticum
976 626 1045 665 curn
1066 607 1178 665 humore

170 700 256 778 nigro
286 700 317 756 et
338 697 463 772 liquido.
512 694 603 756 dutus
631 697 780 756 foramine
811 695 990 756 scrutaberis
1022 696 1178 773 diligenter,

169 806 207 846 ne
225 787 352 845 ulterius
369 787 450 844 inter
466 803 572 845 nervos
592 788 645 844 aut
663 803 762 845 armos
776 788 875 844 sinum
893 785 1057 862 destillatio
1076 785 1177 842 fecerit.
1202 800 1213 838 ε

171 875 257 946 Quod
275 876 301 934 si
324 875 441 948 accidit,
464 893 560 950 pauca
582 874 652 933 hine
671 874 832 933 difficulter
857 874 996 933 evadunt.
1041 874 1119 932 Nam
1137 872 1179 930 his

171 965 265 1042 signis
284 964 443 1023 discrimen
462 963 643 1022 ostenditur:
666 963 774 1023 stridet
792 963 828 1022 de
846 966 965 1038 pectore
984 965 1015 1021 et
1032 981 1085 1039 per
1101 978 1179 1020 neres

37 1063 42 1070 ’
137 1053 325 1112 2humorem
338 1052 487 1127 liquidum
504 1053 622 1127 proicit.
654 1051 719 1111 Hac
733 1054 850 1111 ratione
868 1052 993 1111 curabis
1030 1050 1180 1111 Foramina

171 1142 297 1216 desuper
319 1140 471 1199 marrubio
501 1142 532 1198 et
554 1141 615 1199 sale
645 1142 759 1216 pariter
787 1143 909 1201 contuso
939 1139 1077 1216 implebis
1100 1142 1180 1213 atque

57 1232 59 1238 ’
172 1229 313 1303 calcabit,
336 1229 437 1288 subter
462 1231 562 1288 eutem
585 1230 800 1303 cataplasmate
827 1230 963 1305 apposito
986 1229 1108 1287 laxabis.
1145 1226 1213 1284 lito
1240 1221 1241 1312 ᾗ

172 1320 199 1377 si
227 1319 287 1376 loci
316 1317 450 1377 condicio
479 1319 625 1393 patietur,
658 1318 805 1377 diaeresin
835 1318 932 1392 debis,
964 1320 1000 1375 nt
1028 1318 1108 1376 foras
1135 1333 1180 1391 per

172 1406 294 1484 plegem
322 1406 430 1465 humor
459 1408 584 1465 emanet.
629 1407 731 1466 Tertio
759 1426 876 1483 quoque
906 1406 954 1465 die
978 1406 1077 1466 calida
1103 1405 1181 1462 urina
1240 1459 1241 1468 ,

172 1494 303 1568 lavabis,
335 1494 440 1552 deinde
470 1496 651 1566 treumetico
683 1498 713 1554 et
743 1497 852 1570 pannis
883 1496 971 1553 lineis
1003 1494 1128 1570 limpida
1156 1494 1181 1549 et

174 1584 320 1659 depurata
348 1583 474 1643 vulnera
503 1601 607 1644 curere
632 1584 771 1659 incipies,
801 1585 885 1643 cuins
915 1584 1092 1659 compositio
1118 1581 1181 1639 talis
1240 1641 1241 1656 ,

175 1675 232 1732 est:
256 1673 319 1731 ervi
336 1672 460 1747 pollinis
479 1674 561 1744 sest,
584 1673 638 1730 iris
657 1671 797 1747 Illyricae
820 1691 885 1731 unc.
904 1671 945 1746 Il,
966 1673 1045 1731 turis
1067 1669 1214 1729 masculis

174 1779 240 1820 une.
259 1759 290 1819 11
312 1760 450 1819 miscebis
476 1763 507 1819 et
529 1760 621 1819 facies
645 1760 830 1836 cephalicum
852 1761 1109 1834 medicamentum,
1131 1774 1181 1833 quo

174 1851 268 1908 uteris
292 1849 331 1907 ad
353 1849 638 1909 consummationem
660 1849 802 1908 medelae.

360 2054 485 2119 XLIV.
509 2054 560 2119 De
582 2055 781 2121 dissolutione
801 2054 1010 2137 scopulorum.

82 2194 229 2238 inissem.
275 2183 387 2254 Quodsi
404 2186 538 2244 iumento
557 2185 697 2259 scapulae
715 2183 828 2243 fuerint
845 2183 1018 2256 dissolutae,
1036 2184 1184 2261 diligenter

176 2275 325 2349 inspicies,
348 2292 384 2332 ne
404 2292 478 2349 quas
496 2275 576 2331 inter
594 2291 700 2333 nervos
720 2275 772 2332 aut
791 2274 999 2332 commissuras
1018 2271 1181 2349 pendigines
1192 2284 1214 2323 st

176 2363 293 2435 fecerit;
317 2380 391 2438 quas
413 2364 441 2422 si
458 2363 617 2437 inveneris,
641 2381 676 2421 ex
694 2380 871 2438 quacunque
888 2363 974 2437 parte
992 2361 1099 2438 plagas
1117 2360 1182 2418 acci·

509 2486 516 2512 s

249 2554 265 2602 2
285 2548 358 2603 Chir.
375 2566 396 2603 c.
413 2553 473 2601 570.
547 2552 563 2601 8
582 2546 656 2602 Ohir.
672 2565 695 2601 c.
711 2554 771 2603 571.
846 2552 878 2602 19
898 2546 971 2601 Chir.
987 2563 1010 2600 c.
1026 2552 1087 2600 572.

251 2731 274 2777 1.
290 2729 306 2776 2
326 2723 512 2778 distillatione
525 2727 572 2779 ool
591 2768 597 2779 .
612 2727 651 2795 113
667 2725 693 2779 h.
709 2740 794 2779 causa
808 2725 960 2778 ceraticum
974 2726 1003 2778 A
1015 2726 1025 2793 11
1038 2729 1056 2776 4
1071 2725 1185 2778 scrutate

179 2797 207 2850 P
217 2797 227 2865 11
242 2798 258 2847 5
277 2796 327 2848 aut
345 2810 436 2848 armos
451 2794 488 2849 sit
506 2796 572 2850 dist'
598 2796 657 2850 atio
672 2798 700 2850 P
715 2798 765 2850 aut
779 2795 952 2850 amorsinum
965 2794 1114 2850 distillatio
1131 2793 1148 2847 f.
1161 2793 1184 2846 A

180 2867 230 2919 ant
248 2865 442 2919 armorsimum
461 2866 677 2922 distillationem
695 2867 714 2921 f.
730 2867 770 2921 ed.
781 2885 826 2937 pr.
840 2869 850 2935 11
864 2872 880 2920 t
898 2882 992 2936 pauca
1009 2883 1108 2922 sursise
1124 2864 1184 2918 inei·

174 2936 559 3007 pitL,o.p.134,41huic
578 2938 715 2996 Pom.L
737 2939 746 3006 11
773 2943 787 2990 7
807 2937 888 2991 discr.
908 2938 1001 2992 om.L
1026 2941 1030 3007 1
1055 2935 1166 3006 inp.P

179 3024 276 3062 narem
294 3007 321 3061 L
343 3011 353 3077 11
376 3008 552 3063 8hnmorem
570 3026 621 3064 eru.
636 3011 664 3063 A
686 3014 696 3077 1
718 3015 734 3062 9
754 3009 875 3078 desupra
894 3008 921 3062 L
942 3012 953 3076 1
977 3013 1010 3063 10
1029 3008 1127 3062 subtus
1143 3006 1179 3072 Pi

181 3085 214 3133 11
233 3080 378 3148 pateretur
392 3080 453 3134 ΑΡ
463 3079 572 3148 patitur
585 3079 612 3133 L
625 3082 635 3149 11
650 3085 683 3133 12
698 3080 744 3134 die
761 3079 855 3133 calida
868 3095 919 3134 om.
935 3081 963 3134 A
975 3081 986 3148 11
1001 3085 1033 3133 13
1049 3077 1184 3133 deinde-

181 3156 213 3204 17
233 3148 360 3205 medelae
378 3166 428 3210 osa
449 3153 477 3208 P
505 3154 515 3220 11
547 3157 580 3205 14
604 3151 763 3235 depurgata
781 3151 808 3204 L
824 3152 928 3219 purete
948 3151 1007 3205 iam
1025 3151 1066 3204 ed.
1080 3166 1124 3220 pr.
1138 3146 1182 3227 ,41
1240 3161 1241 3168 “

180 3236 280 3275 sanare
293 3221 332 3276 ed.
345 3224 414 3345 pop!
435 3226 468 3274 lt
486 3218 567 3275 herbi
581 3221 717 3305 pollinem
731 3222 791 3276 LA
804 3224 873 3291 (ne)
887 3224 897 3291 1
911 3226 945 3275 lt
958 3220 1091 3275 faliscum
1107 3217 1184 3273 medr-

180 3291 903 3444 suestre*estredensis
930 3366 935 3432 1
960 3363 984 3417 s
1002 3380 1039 3418 ω
1057 3362 1085 3417 r
1111 3366 1116 3431 1
1142 3359 1184 3414 rc
1240 3371 1241 3380 ι

182 3433 209 3487 L
224 3433 296 3489 aab.
316 3434 345 3487 et
362 3433 434 3504 vulp.
457 3435 467 3502 11
489 3437 522 3485 21
541 3432 631 3486 faciat
648 3434 688 3487 ed.
699 3452 745 3503 pr.
769 3434 773 3505 1
797 3434 873 3501 quod
891 3434 915 3488 si
932 3435 973 3489 ed.
987 3451 1029 3503 pr.
1059 3436 1065 3505 1
1093 3450 1125 3488 ex
1140 3446 1184 3486 osu.
1240 3481 1241 3492 2

181 3503 221 3558 ed.
232 3520 277 3572 pr.
295 3505 299 3572 1
316 3502 460 3572 accipiunt
478 3504 506 3556 P
522 3518 546 3555 a.
565 3503 690 3572 potnerit
708 3506 735 3559 L
1240 3495 1241 3538 ³
