<?xml version="1.0" encoding="UTF-8"?>
<!DOCTYPE html PUBLIC "-//W3C//DTD XHTML 1.0 Transitional//EN"
    "http://www.w3.org/TR/xhtml1/DTD/xhtml1-transitional.dtd">
<html xmlns="http://www.w3.org/1999/xhtml" xml:lang="en" lang="en">
 <head>
  <title>
</title>
<meta http-equiv="Content-Type" content="text/html;charset=utf-8" />
  <meta name='ocr-system' content='tesseract 3.04.00' />
  <meta name='ocr-capabilities' content='ocr_page ocr_carea ocr_par ocr_line ocrx_word'/>
</head>
<body>
  <div class='ocr_page' id='page_1' title='image "./pvegetirenatidi00lommgoog/pvegetirenatidi00lommgoog_0197.png"; bbox 0 0 2509 3892; ppageno 0'>
   <div class='ocr_carea' id='block_1_1' title="bbox 847 166 2161 234">
    <p class='ocr_par' dir='ltr' id='par_1_1' title="bbox 847 166 2161 234">
     <span class='ocr_line' id='line_1_1' title="bbox 847 166 2161 234; baseline 0.011 -14"><span class='ocrx_word' id='word_1_1' title='bbox 847 166 1129 222; x_wconf 84' lang='lat' dir='ltr'><strong>MVLOM.</strong></span> <span class='ocrx_word' id='word_1_2' title='bbox 1167 168 1220 221; x_wconf 93' lang='lat'><strong>11</strong></span> <span class='ocrx_word' id='word_1_3' title='bbox 1257 173 1343 234; x_wconf 80' lang='lat'><strong>27,</strong></span> <span class='ocrx_word' id='word_1_4' title='bbox 1373 172 1441 220; x_wconf 81' lang='lat'><strong>28</strong></span> <span class='ocrx_word' id='word_1_5' title='bbox 2034 170 2161 234; x_wconf 79' lang='lat'><strong>125</strong></span> 
     </span>
    </p>
   </div>
   <div class='ocr_carea' id='block_1_2' title="bbox 82 334 2231 1302">
    <p class='ocr_par' dir='ltr' id='par_1_2' title="bbox 82 334 2231 1302">
     <span class='ocr_line' id='line_1_2' title="bbox 149 334 2159 414; baseline 0.002 -21"><span class='ocrx_word' id='word_1_6' title='bbox 149 334 463 395; x_wconf 73' lang='lat' dir='ltr'><strong>callositate</strong></span> <span class='ocrx_word' id='word_1_7' title='bbox 511 334 793 395; x_wconf 89' lang='lat' dir='ltr'><strong>submota</strong></span> <span class='ocrx_word' id='word_1_8' title='bbox 846 335 1102 395; x_wconf 73' lang='lat' dir='ltr'><strong>stalficis</strong></span> <span class='ocrx_word' id='word_1_9' title='bbox 1157 336 1609 397; x_wconf 78' lang='lat' dir='ltr'><strong>medicamentis</strong></span> <span class='ocrx_word' id='word_1_10' title='bbox 1662 339 1912 397; x_wconf 84' lang='lat' dir='ltr'><strong>vulnera</strong></span> <span class='ocrx_word' id='word_1_11' title='bbox 1955 357 2159 414; x_wconf 90' lang='lat' dir='ltr'><strong>percu·</strong></span> 
     </span>
     <span class='ocr_line' id='line_1_3' title="bbox 144 423 2162 501; baseline 0.003 -20"><span class='ocrx_word' id='word_1_12' title='bbox 144 429 352 483; x_wconf 81' lang='lat' dir='ltr'><strong>rentur.</strong></span> <span class='ocrx_word' id='word_1_13' title='bbox 433 423 551 482; x_wconf 85' lang='lat' dir='ltr'><strong>Sed</strong></span> <span class='ocrx_word' id='word_1_14' title='bbox 587 423 802 483; x_wconf 90' lang='lat' dir='ltr'><strong>melius</strong></span> <span class='ocrx_word' id='word_1_15' title='bbox 840 426 930 483; x_wconf 89' lang='lat' dir='ltr'><strong>est</strong></span> <span class='ocrx_word' id='word_1_16' title='bbox 964 424 1246 499; x_wconf 83' lang='lat' dir='ltr'><strong>fistulam,</strong></span> <span class='ocrx_word' id='word_1_17' title='bbox 1292 427 1449 485; x_wconf 85' lang='lat' dir='ltr'><strong>sicut</strong></span> <span class='ocrx_word' id='word_1_18' title='bbox 1485 426 1757 501; x_wconf 85' lang='lat' dir='ltr'><strong>superius</strong></span> <span class='ocrx_word' id='word_1_19' title='bbox 1792 427 2162 487; x_wconf 86' lang='lat' dir='ltr'><strong>declaratum</strong></span> 
     </span>
     <span class='ocr_line' id='line_1_4' title="bbox 148 513 2163 591; baseline 0.003 -20"><span class='ocrx_word' id='word_1_20' title='bbox 148 515 249 586; x_wconf 87' lang='lat' dir='ltr'><strong>est,</strong></span> <span class='ocrx_word' id='word_1_21' title='bbox 278 513 488 590; x_wconf 79' lang='lat' dir='ltr'>papyri</span> <span class='ocrx_word' id='word_1_22' title='bbox 523 513 845 572; x_wconf 83' lang='lat' dir='ltr'><strong>iniectione</strong></span> <span class='ocrx_word' id='word_1_23' title='bbox 873 531 1096 588; x_wconf 89' lang='lat' dir='ltr'><strong>curare,</strong></span> <span class='ocrx_word' id='word_1_24' title='bbox 1136 516 1280 590; x_wconf 86' lang='lat' dir='ltr'><strong>quia</strong></span> <span class='ocrx_word' id='word_1_25' title='bbox 1310 534 1502 591; x_wconf 89' lang='lat' dir='ltr'><strong>neque</strong></span> <span class='ocrx_word' id='word_1_26' title='bbox 1529 533 1745 574; x_wconf 83' lang='lat' dir='ltr'><strong>nervus</strong></span> <span class='ocrx_word' id='word_1_27' title='bbox 1780 534 1971 591; x_wconf 87' lang='lat' dir='ltr'><strong>neque</strong></span> <span class='ocrx_word' id='word_1_28' title='bbox 2008 536 2163 577; x_wconf 85' lang='lat' dir='ltr'><strong>vena</strong></span> 
     </span>
     <span class='ocr_line' id='line_1_5' title="bbox 145 603 2231 680; baseline 0.002 -21"><span class='ocrx_word' id='word_1_29' title='bbox 145 620 320 677; x_wconf 90' lang='lat' dir='ltr'><strong>neque</strong></span> <span class='ocrx_word' id='word_1_30' title='bbox 377 603 766 661; x_wconf 86' lang='lat' dir='ltr'><strong>commissura</strong></span> <span class='ocrx_word' id='word_1_31' title='bbox 821 604 1089 661; x_wconf 83' lang='lat' dir='ltr'><strong>vexatur.</strong></span> <span class='ocrx_word' id='word_1_32' title='bbox 1179 603 1338 661; x_wconf 85' lang='lat' dir='ltr'><strong>Nam</strong></span> <span class='ocrx_word' id='word_1_33' title='bbox 1396 605 1680 680; x_wconf 86' lang='lat' dir='ltr'><strong>scalpello</strong></span> <span class='ocrx_word' id='word_1_34' title='bbox 1739 606 1837 665; x_wconf 86' lang='lat' dir='ltr'><strong>vel</strong></span> <span class='ocrx_word' id='word_1_35' title='bbox 1896 606 2161 666; x_wconf 83' lang='lat' dir='ltr'><strong>cauterio</strong></span> <span class='ocrx_word' id='word_1_36' title='bbox 2191 607 2231 664; x_wconf 86' lang='lat'>4</span> 
     </span>
     <span class='ocr_line' id='line_1_6' title="bbox 101 690 2161 770; baseline 0.002 -23"><span class='ocrx_word' id='word_1_37' title='bbox 101 710 123 747; x_wconf 81' lang='lat' dir='ltr'><strong>s</strong></span> <span class='ocrx_word' id='word_1_38' title='bbox 147 708 306 766; x_wconf 86' lang='lat' dir='ltr'><strong>saepe</strong></span> <span class='ocrx_word' id='word_1_39' title='bbox 360 691 428 750; x_wconf 89' lang='lat' dir='ltr'><strong>fit</strong></span> <span class='ocrx_word' id='word_1_40' title='bbox 487 710 667 750; x_wconf 88' lang='lat' dir='ltr'><strong>causa</strong></span> <span class='ocrx_word' id='word_1_41' title='bbox 726 690 985 749; x_wconf 75' lang='lat' dir='ltr'><strong>deterior</strong></span> <span class='ocrx_word' id='word_1_42' title='bbox 1043 693 1106 749; x_wconf 91' lang='lat' dir='ltr'><strong>et</strong></span> <span class='ocrx_word' id='word_1_43' title='bbox 1161 694 1494 768; x_wconf 87' lang='lat' dir='ltr'><strong>periculum</strong></span> <span class='ocrx_word' id='word_1_44' title='bbox 1553 696 1730 753; x_wconf 90' lang='lat' dir='ltr'><strong>creat.</strong></span> <span class='ocrx_word' id='word_1_45' title='bbox 1833 692 2161 770; x_wconf 81' lang='lat' dir='ltr'><strong>Collyrium</strong></span> 
     </span>
     <span class='ocr_line' id='line_1_7' title="bbox 144 780 2160 853; baseline 0.003 -17"><span class='ocrx_word' id='word_1_46' title='bbox 144 798 274 838; x_wconf 83' lang='lat' dir='ltr'><strong>vero</strong></span> <span class='ocrx_word' id='word_1_47' title='bbox 329 799 564 839; x_wconf 88' lang='lat' dir='ltr'><strong>omnem</strong></span> <span class='ocrx_word' id='word_1_48' title='bbox 621 780 1021 839; x_wconf 73' lang='lat' dir='ltr'><strong>callositatem</strong></span> <span class='ocrx_word' id='word_1_49' title='bbox 1079 780 1317 839; x_wconf 86' lang='lat' dir='ltr'><strong>fistulae</strong></span> <span class='ocrx_word' id='word_1_50' title='bbox 1376 780 1448 840; x_wconf 90' lang='lat' dir='ltr'><strong>de</strong></span> <span class='ocrx_word' id='word_1_51' title='bbox 1510 783 1634 853; x_wconf 85' lang='lat' dir='ltr'><strong>alto</strong></span> <span class='ocrx_word' id='word_1_52' title='bbox 1697 802 1734 841; x_wconf 89' lang='lat' dir='ltr'><strong>a</strong></span> <span class='ocrx_word' id='word_1_53' title='bbox 1776 781 1974 841; x_wconf 80' lang='lat' dir='ltr'><strong>radice</strong></span> <span class='ocrx_word' id='word_1_54' title='bbox 2035 782 2160 842; x_wconf 90' lang='lat' dir='ltr'><strong>eius</strong></span> 
     </span>
     <span class='ocr_line' id='line_1_8' title="bbox 147 867 2160 947; baseline 0.001 -22"><span class='ocrx_word' id='word_1_55' title='bbox 147 869 349 927; x_wconf 83' lang='lat' dir='ltr'><strong>eximit.</strong></span> <span class='ocrx_word' id='word_1_56' title='bbox 421 867 664 937; x_wconf 75' lang='lat' dir='ltr'><strong>Quodsi</strong></span> <span class='ocrx_word' id='word_1_57' title='bbox 727 887 792 928; x_wconf 92' lang='lat' dir='ltr'><strong>os</strong></span> <span class='ocrx_word' id='word_1_58' title='bbox 851 869 1034 927; x_wconf 84' lang='lat' dir='ltr'><strong>fuerit</strong></span> <span class='ocrx_word' id='word_1_59' title='bbox 1091 872 1400 944; x_wconf 82' lang='lat' dir='ltr'><strong>vexatum,</strong></span> <span class='ocrx_word' id='word_1_60' title='bbox 1459 870 1619 946; x_wconf 90' lang='lat' dir='ltr'><strong>quod</strong></span> <span class='ocrx_word' id='word_1_61' title='bbox 1673 872 1951 947; x_wconf 86' lang='lat' dir='ltr'><strong>oporteat</strong></span> <span class='ocrx_word' id='word_1_62' title='bbox 2010 870 2160 945; x_wconf 56' lang='lat' dir='ltr'><strong>raQ</strong></span> 
     </span>
     <span class='ocr_line' id='line_1_9' title="bbox 144 957 2159 1035; baseline 0.001 -21"><span class='ocrx_word' id='word_1_63' title='bbox 144 959 341 1031; x_wconf 86' lang='lat' dir='ltr'><strong>patens</strong></span> <span class='ocrx_word' id='word_1_64' title='bbox 383 958 608 1016; x_wconf 85' lang='lat' dir='ltr'><strong>vulnus</strong></span> <span class='ocrx_word' id='word_1_65' title='bbox 653 977 779 1033; x_wconf 76' lang='lat' dir='ltr'><strong>per,</strong></span> <span class='ocrx_word' id='word_1_66' title='bbox 813 957 1248 1017; x_wconf 85' lang='lat' dir='ltr'><strong>medicamenta</strong></span> <span class='ocrx_word' id='word_1_67' title='bbox 1305 978 1508 1017; x_wconf 89' lang='lat' dir='ltr'><strong>curam</strong></span> <span class='ocrx_word' id='word_1_68' title='bbox 1561 978 1682 1018; x_wconf 91' lang='lat' dir='ltr'><strong>non</strong></span> <span class='ocrx_word' id='word_1_69' title='bbox 1732 962 1931 1035; x_wconf 86' lang='lat' dir='ltr'><strong>potest</strong></span> <span class='ocrx_word' id='word_1_70' title='bbox 1974 959 2159 1035; x_wconf 87' lang='lat' dir='ltr'><strong>impe-</strong></span> 
     </span>
     <span class='ocr_line' id='line_1_10' title="bbox 148 1045 2159 1126; baseline 0.001 -23"><span class='ocrx_word' id='word_1_71' title='bbox 148 1045 278 1104; x_wconf 88' lang='lat' dir='ltr'><strong>dire.</strong></span> <span class='ocrx_word' id='word_1_72' title='bbox 357 1046 424 1105; x_wconf 81' lang='lat' dir='ltr'><strong>Si</strong></span> <span class='ocrx_word' id='word_1_73' title='bbox 469 1065 611 1106; x_wconf 89' lang='lat' dir='ltr'><strong>vero</strong></span> <span class='ocrx_word' id='word_1_74' title='bbox 658 1046 722 1104; x_wconf 92' lang='lat' dir='ltr'><strong>in</strong></span> <span class='ocrx_word' id='word_1_75' title='bbox 767 1047 891 1106; x_wconf 89' lang='lat' dir='ltr'><strong>alto</strong></span> <span class='ocrx_word' id='word_1_76' title='bbox 937 1046 1108 1106; x_wconf 89' lang='lat' dir='ltr'><strong>tabes</strong></span> <span class='ocrx_word' id='word_1_77' title='bbox 1154 1048 1358 1123; x_wconf 87' lang='lat' dir='ltr'><strong>aliqua</strong></span> <span class='ocrx_word' id='word_1_78' title='bbox 1403 1049 1668 1107; x_wconf 88' lang='lat' dir='ltr'><strong>vulneris</strong></span> <span class='ocrx_word' id='word_1_79' title='bbox 1714 1050 1821 1108; x_wconf 91' lang='lat' dir='ltr'><strong>aut</strong></span> <span class='ocrx_word' id='word_1_80' title='bbox 1866 1048 2159 1126; x_wconf 83' lang='lat' dir='ltr'><strong>cartilago</strong></span> 
     </span>
     <span class='ocr_line' id='line_1_11' title="bbox 82 1136 2162 1213; baseline 0.002 -23"><span class='ocrx_word' id='word_1_81' title='bbox 82 1154 125 1191; x_wconf 89' lang='lat'><strong>10</strong></span> <span class='ocrx_word' id='word_1_82' title='bbox 144 1138 498 1209; x_wconf 85' lang='lat' dir='ltr'><strong>remanserit,</strong></span> <span class='ocrx_word' id='word_1_83' title='bbox 537 1155 608 1192; x_wconf 84' lang='lat' dir='ltr'><strong>ex</strong></span> <span class='ocrx_word' id='word_1_84' title='bbox 635 1136 842 1194; x_wconf 89' lang='lat' dir='ltr'><strong>eodem</strong></span> <span class='ocrx_word' id='word_1_85' title='bbox 877 1136 1126 1211; x_wconf 87' lang='lat' dir='ltr'><strong>collyrio</strong></span> <span class='ocrx_word' id='word_1_86' title='bbox 1159 1137 1466 1212; x_wconf 87' lang='lat' dir='ltr'><strong>pulverem</strong></span> <span class='ocrx_word' id='word_1_87' title='bbox 1503 1138 1685 1196; x_wconf 83' lang='lat' dir='ltr'><strong>facies</strong></span> <span class='ocrx_word' id='word_1_88' title='bbox 1723 1140 1784 1196; x_wconf 88' lang='lat' dir='ltr'><strong>et</strong></span> <span class='ocrx_word' id='word_1_89' title='bbox 1818 1138 2162 1213; x_wconf 84' lang='lat' dir='ltr'><strong>frequenter</strong></span> 
     </span>
     <span class='ocr_line' id='line_1_12' title="bbox 143 1222 2041 1302; baseline 0.002 -23"><span class='ocrx_word' id='word_1_90' title='bbox 143 1222 361 1283; x_wconf 84' lang='lat' dir='ltr'><strong>inicies:</strong></span> <span class='ocrx_word' id='word_1_91' title='bbox 407 1224 609 1283; x_wconf 88' lang='lat' dir='ltr'><strong>omnia</strong></span> <span class='ocrx_word' id='word_1_92' title='bbox 656 1226 815 1283; x_wconf 89' lang='lat' dir='ltr'><strong>enim</strong></span> <span class='ocrx_word' id='word_1_93' title='bbox 859 1225 1108 1284; x_wconf 86' lang='lat' dir='ltr'><strong>vulnera</strong></span> <span class='ocrx_word' id='word_1_94' title='bbox 1154 1225 1468 1301; x_wconf 89' lang='lat' dir='ltr'><strong>elimpidat</strong></span> <span class='ocrx_word' id='word_1_95' title='bbox 1514 1229 1697 1302; x_wconf 89' lang='lat' dir='ltr'><strong>atque</strong></span> <span class='ocrx_word' id='word_1_96' title='bbox 1743 1229 2041 1302; x_wconf 89' lang='lat' dir='ltr'><strong>persanat.</strong></span> 
     </span>
    </p>
   </div>
   <div class='ocr_carea' id='block_1_3' title="bbox 390 1449 1907 1533">
    <p class='ocr_par' dir='ltr' id='par_1_3' title="bbox 390 1449 1907 1533">
     <span class='ocr_line' id='line_1_13' title="bbox 390 1449 1907 1533; baseline 0.001 -20"><span class='ocrx_word' id='word_1_97' title='bbox 390 1449 538 1513; x_wconf 92' lang='lat' dir='ltr'><strong>XX</strong></span> <span class='ocrx_word' id='word_1_98' title='bbox 545 1449 738 1514; x_wconf 86' lang='lat' dir='ltr'><strong><em>VIII.</em></strong></span> <span class='ocrx_word' id='word_1_99' title='bbox 784 1449 885 1515; x_wconf 81' lang='lat' dir='ltr'><strong>De</strong></span> <span class='ocrx_word' id='word_1_100' title='bbox 930 1456 1163 1516; x_wconf 75' lang='lat' dir='ltr'><strong>tumore</strong></span> <span class='ocrx_word' id='word_1_101' title='bbox 1201 1452 1488 1533; x_wconf 79' lang='lat' dir='ltr'><strong>faucium</strong></span> <span class='ocrx_word' id='word_1_102' title='bbox 1534 1452 1625 1515; x_wconf 84' lang='lat' dir='ltr'><strong>vel</strong></span> <span class='ocrx_word' id='word_1_103' title='bbox 1668 1453 1907 1533; x_wconf 78' lang='lat' dir='ltr'><strong>capitis.</strong></span> 
     </span>
    </p>
   </div>
   <div class='ocr_carea' id='block_1_4' title="bbox 80 1578 2371 2544">
    <p class='ocr_par' dir='ltr' id='par_1_4' title="bbox 143 1578 2371 1744">
     <span class='ocr_line' id='line_1_14' title="bbox 265 1578 2371 1657; baseline 0.002 -21"><span class='ocrx_word' id='word_1_104' title='bbox 265 1578 571 1637; x_wconf 85' lang='lat' dir='ltr'><strong>Interdum</strong></span> <span class='ocrx_word' id='word_1_105' title='bbox 626 1578 704 1637; x_wconf 89' lang='lat' dir='ltr'><strong>ad</strong></span> <span class='ocrx_word' id='word_1_106' title='bbox 763 1579 1214 1640; x_wconf 86' lang='lat' dir='ltr'><strong>similitudinem</strong></span> <span class='ocrx_word' id='word_1_107' title='bbox 1278 1582 1608 1657; x_wconf 85' lang='lat' dir='ltr'><strong>synanches</strong></span> <span class='ocrx_word' id='word_1_108' title='bbox 1662 1582 2019 1641; x_wconf 87' lang='lat' dir='ltr'><strong>animalibus</strong></span> <span class='ocrx_word' id='word_1_109' title='bbox 2081 1594 2157 1633; x_wconf 85' lang='lat'><strong>111</strong></span> <span class='ocrx_word' id='word_1_110' title='bbox 2172 1594 2223 1634; x_wconf 77' lang='lat'><strong>28</strong></span> <span class='ocrx_word' id='word_1_111' title='bbox 2239 1593 2371 1633; x_wconf 78' lang='lat' dir='ltr'><strong>Sohu-</strong></span> 
     </span>
     <span class='ocr_line' id='line_1_15' title="bbox 143 1667 2156 1744; baseline 0.003 -21"><span class='ocrx_word' id='word_1_112' title='bbox 143 1667 329 1727; x_wconf 83' lang='lat' dir='ltr'><strong>fauces</strong></span> <span class='ocrx_word' id='word_1_113' title='bbox 358 1671 418 1727; x_wconf 94' lang='lat' dir='ltr'><strong>et</strong></span> <span class='ocrx_word' id='word_1_114' title='bbox 445 1671 627 1744; x_wconf 90' lang='lat' dir='ltr'><strong>caput</strong></span> <span class='ocrx_word' id='word_1_115' title='bbox 651 1668 903 1727; x_wconf 88' lang='lat' dir='ltr'><strong>interius</strong></span> <span class='ocrx_word' id='word_1_116' title='bbox 924 1672 1333 1729; x_wconf 86' lang='lat' dir='ltr'><strong>intumescunt</strong></span> <span class='ocrx_word' id='word_1_117' title='bbox 1359 1671 1507 1729; x_wconf 91' lang='lat' dir='ltr'><strong>adeo</strong></span> <span class='ocrx_word' id='word_1_118' title='bbox 1535 1673 1606 1729; x_wconf 92' lang='lat' dir='ltr'><strong>ut</strong></span> <span class='ocrx_word' id='word_1_119' title='bbox 1631 1670 1831 1729; x_wconf 88' lang='lat' dir='ltr'><strong>bibere</strong></span> <span class='ocrx_word' id='word_1_120' title='bbox 1861 1672 1967 1731; x_wconf 90' lang='lat' dir='ltr'><strong>aut</strong></span> <span class='ocrx_word' id='word_1_121' title='bbox 1993 1690 2156 1731; x_wconf 89' lang='lat' dir='ltr'><strong>man-</strong></span> 
     </span>
    </p>

    <p class='ocr_par' dir='ltr' id='par_1_5' title="bbox 80 1754 2228 2192">
     <span class='ocr_line' id='line_1_16' title="bbox 80 1754 2160 1838; baseline 0.004 -28"><span class='ocrx_word' id='word_1_122' title='bbox 80 1772 120 1811; x_wconf 87' lang='lat'><strong>15</strong></span> <span class='ocrx_word' id='word_1_123' title='bbox 143 1754 346 1816; x_wconf 87' lang='lat' dir='ltr'><strong>ducare</strong></span> <span class='ocrx_word' id='word_1_124' title='bbox 389 1776 509 1816; x_wconf 91' lang='lat' dir='ltr'><strong>non</strong></span> <span class='ocrx_word' id='word_1_125' title='bbox 553 1758 800 1833; x_wconf 88' lang='lat' dir='ltr'><strong>possint.</strong></span> <span class='ocrx_word' id='word_1_126' title='bbox 894 1756 1074 1817; x_wconf 80' lang='lat' dir='ltr'><strong>ouius</strong></span> <span class='ocrx_word' id='word_1_127' title='bbox 1120 1761 1317 1818; x_wconf 87' lang='lat' dir='ltr'><strong>totum</strong></span> <span class='ocrx_word' id='word_1_128' title='bbox 1362 1761 1543 1835; x_wconf 88' lang='lat' dir='ltr'><strong>caput</strong></span> <span class='ocrx_word' id='word_1_129' title='bbox 1589 1762 1649 1817; x_wconf 88' lang='lat' dir='ltr'><strong>et</strong></span> <span class='ocrx_word' id='word_1_130' title='bbox 1707 1779 1773 1819; x_wconf 89' lang='lat' dir='ltr'><strong>os</strong></span> <span class='ocrx_word' id='word_1_131' title='bbox 1833 1764 1894 1819; x_wconf 91' lang='lat' dir='ltr'><strong>et</strong></span> <span class='ocrx_word' id='word_1_132' title='bbox 1951 1760 2160 1838; x_wconf 85' lang='lat' dir='ltr'><strong>lingua</strong></span> 
     </span>
     <span class='ocr_line' id='line_1_17' title="bbox 144 1845 2228 1924; baseline 0.001 -20"><span class='ocrx_word' id='word_1_133' title='bbox 144 1863 290 1920; x_wconf 83' lang='lat' dir='ltr'><strong>aqua</strong></span> <span class='ocrx_word' id='word_1_134' title='bbox 335 1845 531 1904; x_wconf 85' lang='lat' dir='ltr'><strong>calida</strong></span> <span class='ocrx_word' id='word_1_135' title='bbox 575 1847 941 1905; x_wconf 88' lang='lat' dir='ltr'><strong>fomentatur</strong></span> <span class='ocrx_word' id='word_1_136' title='bbox 986 1849 1046 1906; x_wconf 91' lang='lat' dir='ltr'><strong>et</strong></span> <span class='ocrx_word' id='word_1_137' title='bbox 1085 1850 1326 1907; x_wconf 90' lang='lat' dir='ltr'><strong>taurino</strong></span> <span class='ocrx_word' id='word_1_138' title='bbox 1372 1847 1513 1905; x_wconf 87' lang='lat' dir='ltr'><strong>felle</strong></span> <span class='ocrx_word' id='word_1_139' title='bbox 1559 1848 1894 1924; x_wconf 88' lang='lat' dir='ltr'><strong>perlinitur.</strong></span> <span class='ocrx_word' id='word_1_140' title='bbox 1986 1848 2158 1909; x_wconf 91' lang='lat' dir='ltr'><strong>Potio</strong></span> <span class='ocrx_word' id='word_1_141' title='bbox 2193 1851 2228 1907; x_wconf 82' lang='lat'><strong>2</strong></span> 
     </span>
     <span class='ocr_line' id='line_1_18' title="bbox 143 1934 2160 2011; baseline 0.002 -19"><span class='ocrx_word' id='word_1_142' title='bbox 143 1937 336 1993; x_wconf 85' lang='lat' dir='ltr'><strong>autem</strong></span> <span class='ocrx_word' id='word_1_143' title='bbox 378 1934 556 1993; x_wconf 86' lang='lat' dir='ltr'><strong>datur</strong></span> <span class='ocrx_word' id='word_1_144' title='bbox 589 1936 931 1994; x_wconf 86' lang='lat' dir='ltr'><strong>huiusmodi</strong></span> <span class='ocrx_word' id='word_1_145' title='bbox 967 1935 1043 1994; x_wconf 92' lang='lat' dir='ltr'><strong>ad</strong></span> <span class='ocrx_word' id='word_1_146' title='bbox 1090 1954 1300 1995; x_wconf 83' lang='lat' dir='ltr'><strong>cornu:</strong></span> <span class='ocrx_word' id='word_1_147' title='bbox 1347 1936 1463 1995; x_wconf 91' lang='lat' dir='ltr'><strong>olei</strong></span> <span class='ocrx_word' id='word_1_148' title='bbox 1499 1936 1719 1996; x_wconf 89' lang='lat' dir='ltr'><strong>veteris</strong></span> <span class='ocrx_word' id='word_1_149' title='bbox 1765 1938 1866 1997; x_wconf 90' lang='lat' dir='ltr'><strong>lib.</strong></span> <span class='ocrx_word' id='word_1_150' title='bbox 1905 1937 1986 2011; x_wconf 86' lang='grc' dir='ltr'><strong>ΙΙ,</strong></span> <span class='ocrx_word' id='word_1_151' title='bbox 2031 1940 2160 1997; x_wconf 83' lang='lat' dir='ltr'><strong>vini</strong></span> 
     </span>
     <span class='ocr_line' id='line_1_19' title="bbox 143 2023 2160 2102; baseline 0.003 -23"><span class='ocrx_word' id='word_1_152' title='bbox 143 2028 274 2082; x_wconf 86' lang='lat' dir='ltr'><strong>sext.</strong></span> <span class='ocrx_word' id='word_1_153' title='bbox 318 2023 349 2081; x_wconf 96' lang='lat' dir='ltr'>I</span> <span class='ocrx_word' id='word_1_154' title='bbox 391 2024 810 2099; x_wconf 87' lang='lat' dir='ltr'><strong>commiscebis,</strong></span> <span class='ocrx_word' id='word_1_155' title='bbox 848 2024 934 2082; x_wconf 81' lang='lat' dir='ltr'><strong>IX</strong></span> <span class='ocrx_word' id='word_1_156' title='bbox 980 2044 1214 2101; x_wconf 89' lang='lat' dir='ltr'><strong>quoque</strong></span> <span class='ocrx_word' id='word_1_157' title='bbox 1267 2024 1506 2085; x_wconf 80' lang='lat' dir='ltr'><strong>Caricas</strong></span> <span class='ocrx_word' id='word_1_158' title='bbox 1553 2045 1688 2084; x_wconf 86' lang='lat' dir='ltr'><strong>oum</strong></span> <span class='ocrx_word' id='word_1_159' title='bbox 1732 2026 1819 2084; x_wconf 91' lang='lat' dir='ltr'><strong>IX</strong></span> <span class='ocrx_word' id='word_1_160' title='bbox 1864 2027 2160 2102; x_wconf 89' lang='lat' dir='ltr'><strong>capitibus</strong></span> 
     </span>
     <span class='ocr_line' id='line_1_20' title="bbox 143 2111 2161 2192; baseline 0.002 -23"><span class='ocrx_word' id='word_1_161' title='bbox 143 2129 457 2184; x_wconf 86' lang='lat' dir='ltr'><strong>porrorum</strong></span> <span class='ocrx_word' id='word_1_162' title='bbox 487 2111 778 2187; x_wconf 88' lang='lat' dir='ltr'><strong>decoques</strong></span> <span class='ocrx_word' id='word_1_163' title='bbox 826 2116 886 2171; x_wconf 88' lang='lat' dir='ltr'><strong>et</strong></span> <span class='ocrx_word' id='word_1_164' title='bbox 932 2113 1384 2192; x_wconf 81' lang='lat' dir='ltr'><strong>diligentissime</strong></span> <span class='ocrx_word' id='word_1_165' title='bbox 1441 2117 1732 2188; x_wconf 86' lang='lat' dir='ltr'><strong>conteres,</strong></span> <span class='ocrx_word' id='word_1_166' title='bbox 1789 2118 1849 2174; x_wconf 88' lang='lat' dir='ltr'><strong>et</strong></span> <span class='ocrx_word' id='word_1_167' title='bbox 1891 2116 1957 2174; x_wconf 91' lang='lat' dir='ltr'><strong>in</strong></span> <span class='ocrx_word' id='word_1_168' title='bbox 2003 2134 2161 2191; x_wconf 90' lang='lat' dir='ltr'><strong>aqua</strong></span> 
     </span>
    </p>

    <p class='ocr_par' dir='ltr' id='par_1_6' title="bbox 87 2200 2228 2544">
     <span class='ocr_line' id='line_1_21' title="bbox 87 2200 2159 2278; baseline 0.003 -23"><span class='ocrx_word' id='word_1_169' title='bbox 87 2217 126 2255; x_wconf 66' lang='grc' dir='ltr'><strong>ευ</strong></span> <span class='ocrx_word' id='word_1_170' title='bbox 142 2200 261 2273; x_wconf 88' lang='lat' dir='ltr'><strong>ipsa</strong></span> <span class='ocrx_word' id='word_1_171' title='bbox 304 2202 533 2260; x_wconf 88' lang='lat' dir='ltr'><strong>nitrum</strong></span> <span class='ocrx_word' id='word_1_172' title='bbox 590 2200 1062 2261; x_wconf 84' lang='lat' dir='ltr'><strong>Alexandrinum</strong></span> <span class='ocrx_word' id='word_1_173' title='bbox 1118 2203 1335 2262; x_wconf 88' lang='lat' dir='ltr'><strong>tritum</strong></span> <span class='ocrx_word' id='word_1_174' title='bbox 1395 2204 1554 2278; x_wconf 91' lang='lat' dir='ltr'><strong>quod</strong></span> <span class='ocrx_word' id='word_1_175' title='bbox 1607 2203 1829 2262; x_wconf 87' lang='lat' dir='ltr'><strong>sufficit</strong></span> <span class='ocrx_word' id='word_1_176' title='bbox 1885 2204 2159 2262; x_wconf 89' lang='lat' dir='ltr'><strong>miscebis</strong></span> 
     </span>
     <span class='ocr_line' id='line_1_22' title="bbox 147 2289 2159 2367; baseline 0.003 -24"><span class='ocrx_word' id='word_1_177' title='bbox 147 2291 199 2345; x_wconf 88' lang='lat' dir='ltr'><strong>et</strong></span> <span class='ocrx_word' id='word_1_178' title='bbox 232 2309 305 2347; x_wconf 79' lang='lat' dir='ltr'><strong>ex.</strong></span> <span class='ocrx_word' id='word_1_179' title='bbox 336 2290 426 2349; x_wconf 89' lang='lat' dir='ltr'><strong>his</strong></span> <span class='ocrx_word' id='word_1_180' title='bbox 466 2289 739 2349; x_wconf 91' lang='lat' dir='ltr'><strong>omnibus</strong></span> <span class='ocrx_word' id='word_1_181' title='bbox 775 2290 1082 2366; x_wconf 90' lang='lat' dir='ltr'><strong>potionem</strong></span> <span class='ocrx_word' id='word_1_182' title='bbox 1116 2310 1291 2350; x_wconf 86' lang='lat' dir='ltr'><strong>mane</strong></span> <span class='ocrx_word' id='word_1_183' title='bbox 1331 2295 1390 2351; x_wconf 91' lang='lat' dir='ltr'><strong>et</strong></span> <span class='ocrx_word' id='word_1_184' title='bbox 1427 2293 1505 2350; x_wconf 91' lang='lat' dir='ltr'><strong>ad</strong></span> <span class='ocrx_word' id='word_1_185' title='bbox 1541 2310 1857 2367; x_wconf 87' lang='lat' dir='ltr'><strong>vesperum</strong></span> <span class='ocrx_word' id='word_1_186' title='bbox 1890 2292 2159 2350; x_wconf 86' lang='lat' dir='ltr'><strong>heminas</strong></span> 
     </span>
     <span class='ocr_line' id='line_1_23' title="bbox 147 2377 2161 2456; baseline 0.002 -23"><span class='ocrx_word' id='word_1_187' title='bbox 147 2377 397 2454; x_wconf 83' lang='lat' dir='ltr'><strong>singulas</strong></span> <span class='ocrx_word' id='word_1_188' title='bbox 452 2378 651 2453; x_wconf 86' lang='lat' dir='ltr'><strong>dabis,</strong></span> <span class='ocrx_word' id='word_1_189' title='bbox 709 2381 779 2437; x_wconf 90' lang='lat' dir='ltr'><strong>ut</strong></span> <span class='ocrx_word' id='word_1_190' title='bbox 822 2378 1074 2438; x_wconf 89' lang='lat' dir='ltr'><strong>tumoris</strong></span> <span class='ocrx_word' id='word_1_191' title='bbox 1132 2382 1323 2456; x_wconf 90' lang='lat' dir='ltr'><strong>ipsius</strong></span> <span class='ocrx_word' id='word_1_192' title='bbox 1379 2381 1678 2439; x_wconf 85' lang='lat' dir='ltr'><strong>relaxetur</strong></span> <span class='ocrx_word' id='word_1_193' title='bbox 1732 2383 1794 2439; x_wconf 88' lang='lat' dir='ltr'><strong>et</strong></span> <span class='ocrx_word' id='word_1_194' title='bbox 1846 2380 2161 2456; x_wconf 85' lang='lat' dir='ltr'><strong>mitigetur</strong></span> 
     </span>
     <span class='ocr_line' id='line_1_24' title="bbox 147 2467 2228 2544; baseline 0.002 -22"><span class='ocrx_word' id='word_1_195' title='bbox 147 2467 437 2541; x_wconf 84' lang='lat' dir='ltr'><strong>asperitas.</strong></span> <span class='ocrx_word' id='word_1_196' title='bbox 542 2467 864 2527; x_wconf 88' lang='lat' dir='ltr'><strong>Manducet</strong></span> <span class='ocrx_word' id='word_1_197' title='bbox 922 2470 1125 2526; x_wconf 90' lang='lat' dir='ltr'><strong>autem</strong></span> <span class='ocrx_word' id='word_1_198' title='bbox 1183 2469 1430 2528; x_wconf 89' lang='lat' dir='ltr'><strong>herbam</strong></span> <span class='ocrx_word' id='word_1_199' title='bbox 1497 2469 1749 2527; x_wconf 84' lang='lat' dir='ltr'><strong>viridem</strong></span> <span class='ocrx_word' id='word_1_200' title='bbox 1809 2471 1941 2544; x_wconf 90' lang='lat' dir='ltr'><strong>aut,</strong></span> <span class='ocrx_word' id='word_1_201' title='bbox 2003 2469 2160 2543; x_wconf 91' lang='lat' dir='ltr'><strong>quod</strong></span> <span class='ocrx_word' id='word_1_202' title='bbox 2192 2471 2228 2527; x_wconf 90' lang='lat'><strong>3</strong></span> 
     </span>
    </p>
   </div>
   <div class='ocr_carea' id='block_1_5' title="bbox 151 2601 562 2613">
    <p class='ocr_par' dir='ltr' id='par_1_7' title="bbox 151 2601 562 2613">
     <span class='ocr_line' id='line_1_25' title="bbox 151 2601 562 2613; baseline 0 1279"><span class='ocrx_word' id='word_1_203' title='bbox 151 2601 562 2613; x_wconf 95' lang='lat' dir='ltr'><strong> </strong></span> 
     </span>
    </p>
   </div>
   <div class='ocr_carea' id='block_1_6' title="bbox 275 2688 2052 2750">
    <p class='ocr_par' dir='ltr' id='par_1_8' title="bbox 275 2688 2052 2750">
     <span class='ocr_line' id='line_1_26' title="bbox 275 2688 2052 2750; baseline 0.002 -8"><span class='ocrx_word' id='word_1_204' title='bbox 275 2694 309 2742; x_wconf 84' lang='lat'>5</span> <span class='ocrx_word' id='word_1_205' title='bbox 345 2689 491 2743; x_wconf 88' lang='lat' dir='ltr'><strong>Chir.</strong></span> <span class='ocrx_word' id='word_1_206' title='bbox 532 2707 579 2743; x_wconf 90' lang='lat' dir='ltr'><strong>c.</strong></span> <span class='ocrx_word' id='word_1_207' title='bbox 609 2694 692 2743; x_wconf 76' lang='lat'><strong>97.</strong></span> <span class='ocrx_word' id='word_1_208' title='bbox 840 2695 907 2743; x_wconf 83' lang='lat'><strong>13</strong></span> <span class='ocrx_word' id='word_1_209' title='bbox 947 2688 1093 2743; x_wconf 87' lang='lat' dir='ltr'><strong>Chir.</strong></span> <span class='ocrx_word' id='word_1_210' title='bbox 1124 2707 1168 2743; x_wconf 87' lang='lat' dir='ltr'><strong>o.</strong></span> <span class='ocrx_word' id='word_1_211' title='bbox 1201 2696 1326 2750; x_wconf 84' lang='lat'><strong>323.</strong></span> <span class='ocrx_word' id='word_1_212' title='bbox 1470 2698 1535 2745; x_wconf 88' lang='grc'><strong>16</strong></span> <span class='ocrx_word' id='word_1_213' title='bbox 1576 2691 1644 2745; x_wconf 88' lang='lat' dir='ltr'><strong>cf.</strong></span> <span class='ocrx_word' id='word_1_214' title='bbox 1676 2690 1823 2745; x_wconf 87' lang='lat' dir='ltr'><strong>Chir.</strong></span> <span class='ocrx_word' id='word_1_215' title='bbox 1856 2709 1899 2746; x_wconf 88' lang='lat' dir='ltr'><strong>c.</strong></span> <span class='ocrx_word' id='word_1_216' title='bbox 1933 2697 2052 2746; x_wconf 82' lang='lat'>324.</span> 
     </span>
    </p>
   </div>
   <div class='ocr_carea' id='block_1_7' title="bbox 152 2815 563 2827">
    <p class='ocr_par' dir='ltr' id='par_1_9' title="bbox 152 2815 563 2827">
     <span class='ocr_line' id='line_1_27' title="bbox 152 2815 563 2827; baseline 0 1065"><span class='ocrx_word' id='word_1_217' title='bbox 152 2815 563 2827; x_wconf 95' lang='lat' dir='ltr'><strong> </strong></span> 
     </span>
    </p>
   </div>
   <div class='ocr_carea' id='block_1_8' title="bbox 152 2902 2165 3612">
    <p class='ocr_par' dir='ltr' id='par_1_10' title="bbox 152 2902 2165 3258">
     <span class='ocr_line' id='line_1_28' title="bbox 278 2902 2157 2973; baseline 0 -16"><span class='ocrx_word' id='word_1_218' title='bbox 278 2909 304 2957; x_wconf 90' lang='lat'><strong>1</strong></span> <span class='ocrx_word' id='word_1_219' title='bbox 345 2902 596 2956; x_wconf 87' lang='lat' dir='ltr'><strong>sculticis</strong></span> <span class='ocrx_word' id='word_1_220' title='bbox 634 2905 690 2957; x_wconf 99' lang='lat' dir='ltr'><strong><em>A</em></strong></span> <span class='ocrx_word' id='word_1_221' title='bbox 729 2902 1006 2957; x_wconf 86' lang='lat' dir='ltr'><strong>astalticis</strong></span> <span class='ocrx_word' id='word_1_222' title='bbox 1044 2902 1124 2957; x_wconf 79' lang='lat' dir='ltr'><strong>ed.</strong></span> <span class='ocrx_word' id='word_1_223' title='bbox 1155 2920 1236 2972; x_wconf 80' lang='lat' dir='ltr'><strong>pr.</strong></span> <span class='ocrx_word' id='word_1_224' title='bbox 1278 2904 1521 2959; x_wconf 86' lang='lat' dir='ltr'><strong>stalticis</strong></span> <span class='ocrx_word' id='word_1_225' title='bbox 1560 2907 1617 2959; x_wconf 92' lang='lat' dir='ltr'><em>P</em></span> <span class='ocrx_word' id='word_1_226' title='bbox 1644 2905 1788 2961; x_wconf 73' lang='lat' dir='ltr'><strong>Chir,</strong></span> <span class='ocrx_word' id='word_1_227' title='bbox 1852 2913 1856 2973; x_wconf 88' lang='grc' dir='ltr'>Ι</span> <span class='ocrx_word' id='word_1_228' title='bbox 1923 2909 2157 2957; x_wconf 60' lang='lat' dir='ltr'><strong>medic-a-</strong></span> 
     </span>
     <span class='ocr_line' id='line_1_29' title="bbox 152 2970 2161 3046; baseline 0.003 -23"><span class='ocrx_word' id='word_1_229' title='bbox 152 2970 376 3027; x_wconf 76' lang='lat' dir='ltr'><strong>minibus</strong></span> <span class='ocrx_word' id='word_1_230' title='bbox 408 2975 466 3028; x_wconf 91' lang='lat' dir='ltr'><strong><em>P</em></strong></span> <span class='ocrx_word' id='word_1_231' title='bbox 493 2977 501 3042; x_wconf 83' lang='grc' dir='ltr'>Ι</span> <span class='ocrx_word' id='word_1_232' title='bbox 533 2976 904 3043; x_wconf 83' lang='lat' dir='ltr'><strong>percurantur</strong></span> <span class='ocrx_word' id='word_1_233' title='bbox 930 2976 986 3028; x_wconf 99' lang='lat' dir='ltr'><strong><em>A</em></strong></span> <span class='ocrx_word' id='word_1_234' title='bbox 1012 2977 1030 3044; x_wconf 86' lang='grc' dir='ltr'><strong>ΙΙ</strong></span> <span class='ocrx_word' id='word_1_235' title='bbox 1059 2980 1090 3027; x_wconf 88' lang='lat'>5</span> <span class='ocrx_word' id='word_1_236' title='bbox 1130 2978 1325 3029; x_wconf 89' lang='lat' dir='ltr'><strong>creant</strong></span> <span class='ocrx_word' id='word_1_237' title='bbox 1360 2974 1441 3029; x_wconf 79' lang='lat' dir='ltr'><strong>ed.</strong></span> <span class='ocrx_word' id='word_1_238' title='bbox 1463 2994 1553 3046; x_wconf 76' lang='lat' dir='ltr'><strong>pr.</strong></span> <span class='ocrx_word' id='word_1_239' title='bbox 1595 2979 1749 3030; x_wconf 90' lang='lat' dir='ltr'><strong>creat</strong></span> <span class='ocrx_word' id='word_1_240' title='bbox 1788 2981 1832 3029; x_wconf 64' lang='lat' dir='ltr'><strong><em>A</em></strong></span> <span class='ocrx_word' id='word_1_241' title='bbox 1856 2981 1908 3029; x_wconf 73' lang='lat' dir='ltr'><em>P</em></span> <span class='ocrx_word' id='word_1_242' title='bbox 1944 2985 2161 3029; x_wconf 65' lang='lat' dir='ltr'><strong>creat-ur</strong></span> 
     </span>
     <span class='ocr_line' id='line_1_30' title="bbox 154 3038 2165 3173; baseline 0 -76"><span class='ocrx_word' id='word_1_243' title='bbox 154 3038 298 3099; x_wconf 79' lang='lat' dir='ltr'><strong>Gesn.</strong></span> <span class='ocrx_word' id='word_1_244' title='bbox 326 3045 397 3111; x_wconf 80' lang='lat' dir='ltr'><strong>cf.</strong></span> <span class='ocrx_word' id='word_1_245' title='bbox 429 3044 576 3100; x_wconf 78' lang='lat' dir='ltr'><strong>C&#39;hir.</strong></span> <span class='ocrx_word' id='word_1_246' title='bbox 599 3063 657 3113; x_wconf 76' lang='lat' dir='ltr'><strong>p.</strong></span> <span class='ocrx_word' id='word_1_247' title='bbox 689 3049 780 3111; x_wconf 83' lang='lat'><strong>32,</strong></span> <span class='ocrx_word' id='word_1_248' title='bbox 807 3050 878 3099; x_wconf 86' lang='lat'><strong>15</strong></span> <span class='ocrx_word' id='word_1_249' title='bbox 903 3046 922 3114; x_wconf 87' lang='grc' dir='ltr'><strong>ΙΙ</strong></span> <span class='ocrx_word' id='word_1_250' title='bbox 951 3051 983 3099; x_wconf 91' lang='grc'>8</span> <span class='ocrx_word' id='word_1_251' title='bbox 1020 3062 1120 3114; x_wconf 90' lang='lat' dir='ltr'><strong>per</strong></span> <span class='ocrx_word' id='word_1_252' title='bbox 1155 3048 1234 3100; x_wconf 82' lang='lat' dir='ltr'><strong>ed.</strong></span> <span class='ocrx_word' id='word_1_253' title='bbox 1257 3064 1346 3115; x_wconf 77' lang='lat' dir='ltr'><strong>pr.</strong></span> <span class='ocrx_word' id='word_1_254' title='bbox 1377 3049 1434 3101; x_wconf 92' lang='lat' dir='ltr'><em>P</em></span> <span class='ocrx_word' id='word_1_255' title='bbox 1465 3050 1597 3117; x_wconf 87' lang='lat' dir='ltr'><strong>post</strong></span> <span class='ocrx_word' id='word_1_256' title='bbox 1623 3049 1679 3101; x_wconf 99' lang='lat' dir='ltr'><strong><em>A</em></strong></span> <span class='ocrx_word' id='word_1_257' title='bbox 1711 3049 2165 3173; x_wconf 49' lang='lat' dir='ltr'><strong>lnmfflfiffimfflm</strong></span> 
     </span>
     <span class='ocr_line' id='line_1_31' title="bbox 152 3110 2161 3188; baseline -0 -19"><span class='ocrx_word' id='word_1_258' title='bbox 152 3110 200 3163; x_wconf 90' lang='lat' dir='ltr'><em>P</em></span> <span class='ocrx_word' id='word_1_259' title='bbox 228 3115 294 3169; x_wconf 85' lang='lat' dir='ltr'><strong>-ti</strong></span> <span class='ocrx_word' id='word_1_260' title='bbox 328 3117 408 3170; x_wconf 83' lang='lat' dir='ltr'><strong>ed.</strong></span> <span class='ocrx_word' id='word_1_261' title='bbox 431 3133 520 3184; x_wconf 82' lang='lat' dir='ltr'><strong>pr.</strong></span> <span class='ocrx_word' id='word_1_262' title='bbox 552 3118 608 3170; x_wconf 97' lang='lat' dir='ltr'><strong><em>A</em></strong></span> <span class='ocrx_word' id='word_1_263' title='bbox 648 3117 656 3188; x_wconf 90' lang='grc' dir='ltr'>Ι</span> <span class='ocrx_word' id='word_1_264' title='bbox 697 3115 970 3185; x_wconf 88' lang='lat' dir='ltr'><strong>impedire</strong></span> <span class='ocrx_word' id='word_1_265' title='bbox 1007 3118 1064 3172; x_wconf 89' lang='lat' dir='ltr'><em>P</em></span> <span class='ocrx_word' id='word_1_266' title='bbox 1096 3117 1169 3170; x_wconf 90' lang='lat' dir='ltr'><strong>-ri</strong></span> <span class='ocrx_word' id='word_1_267' title='bbox 1205 3119 1285 3172; x_wconf 79' lang='lat' dir='ltr'><strong>ed.</strong></span> <span class='ocrx_word' id='word_1_268' title='bbox 1308 3135 1397 3187; x_wconf 78' lang='lat' dir='ltr'><strong>pr.</strong></span> <span class='ocrx_word' id='word_1_269' title='bbox 1428 3120 1484 3172; x_wconf 97' lang='lat' dir='ltr'><strong><em>A</em></strong></span> <span class='ocrx_word' id='word_1_270' title='bbox 1518 3120 1537 3187; x_wconf 89' lang='grc' dir='ltr'><strong>ΙΙ</strong></span> <span class='ocrx_word' id='word_1_271' title='bbox 1575 3123 1606 3171; x_wconf 84' lang='grc'>9</span> <span class='ocrx_word' id='word_1_272' title='bbox 1643 3136 1715 3171; x_wconf 89' lang='lat' dir='ltr'><strong>vu</strong></span> <span class='ocrx_word' id='word_1_273' title='bbox 1780 3121 1884 3173; x_wconf 47' lang='lat' dir='ltr'><strong>sris</strong></span> <span class='ocrx_word' id='word_1_274' title='bbox 1933 3125 1980 3173; x_wconf 68' lang='grc' dir='ltr'><em>Ρ</em></span> <span class='ocrx_word' id='word_1_275' title='bbox 2016 3121 2161 3173; x_wconf 52' lang='grc' dir='ltr'><strong>[Ἓξ-ἑν,</strong></span> 
     </span>
     <span class='ocr_line' id='line_1_32' title="bbox 154 3183 1649 3258; baseline 0.006 -23"><span class='ocrx_word' id='word_1_276' title='bbox 154 3183 229 3235; x_wconf 87' lang='lat' dir='ltr'><strong>vel</strong></span> <span class='ocrx_word' id='word_1_277' title='bbox 258 3202 455 3240; x_wconf 82' lang='lat' dir='ltr'><strong>nervus</strong></span> <span class='ocrx_word' id='word_1_278' title='bbox 491 3188 572 3242; x_wconf 83' lang='lat' dir='ltr'><strong>ed.</strong></span> <span class='ocrx_word' id='word_1_279' title='bbox 595 3204 684 3255; x_wconf 79' lang='lat' dir='ltr'><strong>pr.</strong></span> <span class='ocrx_word' id='word_1_280' title='bbox 715 3189 771 3241; x_wconf 98' lang='lat' dir='ltr'><strong><em>A</em></strong></span> <span class='ocrx_word' id='word_1_281' title='bbox 798 3189 817 3256; x_wconf 79' lang='grc' dir='ltr'><strong>ΙΙ</strong></span> <span class='ocrx_word' id='word_1_282' title='bbox 846 3194 910 3241; x_wconf 88' lang='grc'><strong>11</strong></span> <span class='ocrx_word' id='word_1_283' title='bbox 950 3186 1100 3241; x_wconf 89' lang='lat' dir='ltr'><strong>enim</strong></span> <span class='ocrx_word' id='word_1_284' title='bbox 1136 3204 1235 3242; x_wconf 87' lang='lat' dir='ltr'><strong>om.</strong></span> <span class='ocrx_word' id='word_1_285' title='bbox 1266 3190 1323 3243; x_wconf 92' lang='lat' dir='ltr'><em>P</em></span> <span class='ocrx_word' id='word_1_286' title='bbox 1350 3190 1357 3258; x_wconf 91' lang='grc' dir='ltr'>Ι</span> <span class='ocrx_word' id='word_1_287' title='bbox 1392 3191 1557 3242; x_wconf 88' lang='lat' dir='ltr'><strong>sanat</strong></span> <span class='ocrx_word' id='word_1_288' title='bbox 1591 3191 1649 3244; x_wconf 94' lang='lat' dir='ltr'><em>P</em></span> 
     </span>
    </p>

    <p class='ocr_par' dir='ltr' id='par_1_11' title="bbox 157 3256 2165 3612">
     <span class='ocr_line' id='line_1_33' title="bbox 281 3256 2157 3329; baseline -0.001 -19"><span class='ocrx_word' id='word_1_289' title='bbox 281 3264 342 3310; x_wconf 84' lang='lat'><strong>12</strong></span> <span class='ocrx_word' id='word_1_290' title='bbox 382 3256 468 3311; x_wconf 93' lang='lat' dir='ltr'><strong>vel</strong></span> <span class='ocrx_word' id='word_1_291' title='bbox 507 3275 551 3312; x_wconf 87' lang='lat' dir='ltr'><strong>c.</strong></span> <span class='ocrx_word' id='word_1_292' title='bbox 583 3275 685 3312; x_wconf 87' lang='lat' dir='ltr'><strong>om.</strong></span> <span class='ocrx_word' id='word_1_293' title='bbox 715 3260 813 3327; x_wconf 76' lang='lat' dir='ltr'><strong>Pu</strong></span> <span class='ocrx_word' id='word_1_294' title='bbox 844 3264 908 3311; x_wconf 89' lang='grc'><strong>13</strong></span> <span class='ocrx_word' id='word_1_295' title='bbox 947 3258 1196 3312; x_wconf 82' lang='lat' dir='ltr'><strong>sinancie</strong></span> <span class='ocrx_word' id='word_1_296' title='bbox 1233 3262 1290 3314; x_wconf 91' lang='lat' dir='ltr'><strong><em>A</em></strong></span> <span class='ocrx_word' id='word_1_297' title='bbox 1327 3260 1573 3314; x_wconf 84' lang='lat' dir='ltr'><strong>sinancis</strong></span> <span class='ocrx_word' id='word_1_298' title='bbox 1610 3262 1667 3314; x_wconf 98' lang='lat' dir='ltr'><em>P</em></span> <span class='ocrx_word' id='word_1_299' title='bbox 1711 3263 1729 3329; x_wconf 84' lang='grc' dir='ltr'><strong>ΙΙ</strong></span> <span class='ocrx_word' id='word_1_300' title='bbox 1780 3269 1840 3313; x_wconf 74' lang='grc'><strong>14</strong></span> <span class='ocrx_word' id='word_1_301' title='bbox 1884 3261 2020 3313; x_wconf 56' lang='lat' dir='ltr'><strong>mum</strong></span> <span class='ocrx_word' id='word_1_302' title='bbox 2060 3277 2157 3313; x_wconf 66' lang='lat' dir='ltr'><strong>[am.</strong></span> 
     </span>
     <span class='ocr_line' id='line_1_34' title="bbox 158 3324 2161 3401; baseline 0.001 -22"><span class='ocrx_word' id='word_1_303' title='bbox 158 3324 291 3400; x_wconf 81' lang='grc' dir='ltr'><strong>ΑΡΙ</strong></span> <span class='ocrx_word' id='word_1_304' title='bbox 325 3329 743 3383; x_wconf 88' lang='lat' dir='ltr'><strong>commedereA</strong></span> <span class='ocrx_word' id='word_1_305' title='bbox 770 3332 788 3398; x_wconf 88' lang='grc' dir='ltr'><strong>ΙΙ</strong></span> <span class='ocrx_word' id='word_1_306' title='bbox 819 3335 882 3383; x_wconf 85' lang='grc'><strong>15</strong></span> <span class='ocrx_word' id='word_1_307' title='bbox 899 3332 1098 3398; x_wconf 89' lang='lat' dir='ltr'><strong>potum</strong></span> <span class='ocrx_word' id='word_1_308' title='bbox 1113 3332 1234 3385; x_wconf 89' lang='lat' dir='ltr'><strong>c.P</strong></span> <span class='ocrx_word' id='word_1_309' title='bbox 1261 3334 1269 3399; x_wconf 85' lang='grc' dir='ltr'>Ι</span> <span class='ocrx_word' id='word_1_310' title='bbox 1303 3332 1475 3400; x_wconf 86' lang='lat' dir='ltr'><strong>caput</strong></span> <span class='ocrx_word' id='word_1_311' title='bbox 1490 3348 1590 3386; x_wconf 88' lang='lat' dir='ltr'><strong>om.</strong></span> <span class='ocrx_word' id='word_1_312' title='bbox 1607 3332 1687 3385; x_wconf 82' lang='lat' dir='ltr'><strong>ed.</strong></span> <span class='ocrx_word' id='word_1_313' title='bbox 1696 3349 1784 3401; x_wconf 45' lang='lat' dir='ltr'><strong>pr*</strong></span> <span class='ocrx_word' id='word_1_314' title='bbox 1816 3337 1832 3397; x_wconf 87' lang='grc' dir='ltr'><strong>ΙΙ</strong></span> <span class='ocrx_word' id='word_1_315' title='bbox 1868 3337 1928 3381; x_wconf 69' lang='grc'><strong>115</strong></span> <span class='ocrx_word' id='word_1_316' title='bbox 1955 3333 2161 3385; x_wconf 67' lang='lat' dir='ltr'><strong>suumn-</strong></span> 
     </span>
     <span class='ocr_line' id='line_1_35' title="bbox 157 3392 2124 3473; baseline 0.002 -23"><span class='ocrx_word' id='word_1_317' title='bbox 157 3392 289 3450; x_wconf 78' lang='lat' dir='ltr'><strong>tetur</strong></span> <span class='ocrx_word' id='word_1_318' title='bbox 307 3401 360 3454; x_wconf 81' lang='lat' dir='ltr'><strong><em>A</em></strong></span> <span class='ocrx_word' id='word_1_319' title='bbox 386 3402 404 3468; x_wconf 79' lang='lat' dir='ltr'>u</span> <span class='ocrx_word' id='word_1_320' title='bbox 436 3404 502 3454; x_wconf 80' lang='lat'><strong>1⁷</strong></span> <span class='ocrx_word' id='word_1_321' title='bbox 530 3400 856 3453; x_wconf 85' lang='lat' dir='ltr'><strong>huiusmodi</strong></span> <span class='ocrx_word' id='word_1_322' title='bbox 876 3416 976 3454; x_wconf 86' lang='lat' dir='ltr'><strong>om.</strong></span> <span class='ocrx_word' id='word_1_323' title='bbox 998 3403 1122 3456; x_wconf 81' lang='grc' dir='ltr'><strong>ΑΡ</strong></span> <span class='ocrx_word' id='word_1_324' title='bbox 1143 3402 1161 3469; x_wconf 81' lang='grc' dir='ltr'><strong>ΙΙ</strong></span> <span class='ocrx_word' id='word_1_325' title='bbox 1193 3407 1258 3455; x_wconf 88' lang='lat'><strong>18</strong></span> <span class='ocrx_word' id='word_1_326' title='bbox 1280 3404 1417 3455; x_wconf 77' lang='lat' dir='ltr'><strong>sext.</strong></span> <span class='ocrx_word' id='word_1_327' title='bbox 1438 3402 1465 3454; x_wconf 94' lang='grc' dir='ltr'>Ι</span> <span class='ocrx_word' id='word_1_328' title='bbox 1475 3404 1660 3473; x_wconf 65' lang='lat' dir='ltr'><strong>pergit</strong></span> <span class='ocrx_word' id='word_1_329' title='bbox 1678 3402 1748 3469; x_wconf 87' lang='lat' dir='ltr'><strong>L,</strong></span> <span class='ocrx_word' id='word_1_330' title='bbox 1768 3421 1816 3457; x_wconf 68' lang='lat' dir='ltr'><strong>v,</strong></span> <span class='ocrx_word' id='word_1_331' title='bbox 1836 3421 1888 3469; x_wconf 64' lang='grc' dir='ltr'><strong>μ,</strong></span> <span class='ocrx_word' id='word_1_332' title='bbox 1916 3409 2032 3465; x_wconf 55' lang='lat' dir='ltr'><strong>12³³.th</strong></span> <span class='ocrx_word' id='word_1_333' title='bbox 2060 3409 2124 3453; x_wconf 60' lang='grc' dir='ltr'>Μ</span> 
     </span>
     <span class='ocr_line' id='line_1_36' title="bbox 160 3468 2165 3542; baseline 0.002 -21"><span class='ocrx_word' id='word_1_334' title='bbox 160 3468 217 3516; x_wconf 76' lang='lat'><strong>20</strong></span> <span class='ocrx_word' id='word_1_335' title='bbox 237 3469 427 3523; x_wconf 89' lang='lat' dir='ltr'><strong>tritum</strong></span> <span class='ocrx_word' id='word_1_336' title='bbox 455 3488 556 3525; x_wconf 86' lang='lat' dir='ltr'><strong>om.</strong></span> <span class='ocrx_word' id='word_1_337' title='bbox 586 3473 642 3525; x_wconf 92' lang='lat' dir='ltr'><em>P</em></span> <span class='ocrx_word' id='word_1_338' title='bbox 669 3472 677 3542; x_wconf 85' lang='grc' dir='ltr'>Ι</span> <span class='ocrx_word' id='word_1_339' title='bbox 711 3471 863 3540; x_wconf 89' lang='lat' dir='ltr'><strong>quod</strong></span> <span class='ocrx_word' id='word_1_340' title='bbox 890 3471 1010 3525; x_wconf 90' lang='lat' dir='ltr'><strong>AL</strong></span> <span class='ocrx_word' id='word_1_341' title='bbox 1047 3476 1322 3538; x_wconf 85' lang='lat' dir='ltr'><strong>quantum</strong></span> <span class='ocrx_word' id='word_1_342' title='bbox 1350 3474 1429 3527; x_wconf 83' lang='lat' dir='ltr'><strong>ed.</strong></span> <span class='ocrx_word' id='word_1_343' title='bbox 1456 3490 1543 3541; x_wconf 76' lang='lat' dir='ltr'><strong>pr.</strong></span> <span class='ocrx_word' id='word_1_344' title='bbox 1572 3475 1591 3540; x_wconf 87' lang='grc'><strong>11</strong></span> <span class='ocrx_word' id='word_1_345' title='bbox 1620 3478 1686 3526; x_wconf 81' lang='grc'><strong>21</strong></span> <span class='ocrx_word' id='word_1_346' title='bbox 1726 3477 1784 3525; x_wconf 82' lang='lat' dir='ltr'><strong>et</strong></span> <span class='ocrx_word' id='word_1_347' title='bbox 1812 3489 2036 3537; x_wconf 47' lang='lat' dir='ltr'><strong>welsspers-</strong></span> <span class='ocrx_word' id='word_1_348' title='bbox 2070 3477 2124 3525; x_wconf 78' lang='grc' dir='ltr'><em>Ρ</em></span> <span class='ocrx_word' id='word_1_349' title='bbox 2145 3481 2165 3537; x_wconf 65' lang='grc' dir='ltr'><strong>Ιζ,</strong></span> 
     </span>
     <span class='ocr_line' id='line_1_37' title="bbox 160 3537 2141 3612; baseline 0.001 -21"><span class='ocrx_word' id='word_1_350' title='bbox 160 3537 216 3585; x_wconf 78' lang='lat'><strong>22</strong></span> <span class='ocrx_word' id='word_1_351' title='bbox 243 3539 472 3609; x_wconf 80' lang='lat' dir='ltr'><strong>singulis</strong></span> <span class='ocrx_word' id='word_1_352' title='bbox 502 3541 554 3595; x_wconf 90' lang='lat' dir='ltr'><strong>d.</strong></span> <span class='ocrx_word' id='word_1_353' title='bbox 585 3542 872 3596; x_wconf 83' lang='lat' dir='ltr'><strong>heminam</strong></span> <span class='ocrx_word' id='word_1_354' title='bbox 890 3544 946 3596; x_wconf 84' lang='lat' dir='ltr'><strong><em>A</em></strong></span> <span class='ocrx_word' id='word_1_355' title='bbox 979 3547 987 3612; x_wconf 84' lang='grc' dir='ltr'>Ι</span> <span class='ocrx_word' id='word_1_356' title='bbox 1017 3542 1267 3595; x_wconf 89' lang='lat' dir='ltr'><strong>humoris</strong></span> <span class='ocrx_word' id='word_1_357' title='bbox 1286 3544 1404 3597; x_wconf 91' lang='lat' dir='ltr'><strong>PA</strong></span> <span class='ocrx_word' id='word_1_358' title='bbox 1430 3544 1675 3596; x_wconf 87' lang='lat' dir='ltr'><strong>tumores</strong></span> <span class='ocrx_word' id='word_1_359' title='bbox 1705 3541 1741 3594; x_wconf 90' lang='lat' dir='ltr'><strong>i.</strong></span> <span class='ocrx_word' id='word_1_360' title='bbox 1772 3545 2088 3593; x_wconf 59' lang='lat' dir='ltr'><strong>relaxsntur</strong></span> <span class='ocrx_word' id='word_1_361' title='bbox 2110 3545 2141 3593; x_wconf 66' lang='lat' dir='ltr'>J</span> 
     </span>
    </p>
   </div>
  </div>
 </body>
</html>
