2509 3892
402 142 542 197 Micon.
562 142 575 194 1
593 149 636 208 41,
651 148 694 215 42,
1009 144 1050 208 67

45 329 142 369 eorum
163 310 276 370 sinibus
299 313 429 369 stercora
451 312 582 386 coeperit
604 310 748 387 detinere,
775 312 913 386 prohibet
934 312 990 372 illa
1012 312 1051 370 ad

44 399 211 458 cataclidem
234 400 411 477 longanonis
435 400 587 459 decurrere
610 431 655 440 -
678 401 828 477 longanon
854 404 953 460 autem
975 404 1050 460 inte·

44 489 151 546 stiriam
170 492 303 562 vocatur,
326 508 380 564 per
398 490 476 564 quod
495 492 607 547 stercus
629 490 759 566 egeritur
779 520 829 565 —,
851 492 923 549 tunc
945 493 1050 549 ventus

44 595 154 636 crassus
183 579 232 636 vel
260 578 464 652 praeclusione
498 579 566 653 ipsa
595 579 676 636 intra
705 580 820 637 viscera
847 580 986 638 increscit
1015 599 1050 639 ac

17 668 134 731 ssaevit
160 669 189 724 et
218 667 335 725 dolores
364 685 537 742 morsusque
566 668 676 725 excitat
698 667 898 742 vehementes,
928 686 962 726 ex
991 687 1049 743 quo

42 755 167 813 iumenta
189 774 220 814 se
242 757 393 830 proiciunt
416 775 450 815 ac
472 757 611 815 volutant
634 758 819 832 extensisque
842 755 966 831 pedibus
990 758 1049 815 cal-

44 844 153 902 citrant
194 843 252 903 Sed
274 863 328 920 per
356 846 575 919 impatientiam
603 864 634 903 se
664 864 751 921 saepe
780 844 919 904 iactando
942 847 1086 904 ventusP

43 933 171 992 increscit
200 936 230 992 et
251 935 363 992 mixtus
386 935 509 993 stercori
535 935 685 1009 usquein
712 935 855 993 intestina
885 933 1050 1010 descendit,

45 1039 96 1079 nec
124 1023 288 1081 iumentum
319 1024 354 1080 ut
388 1041 478 1097 supra
509 1025 666 1098 rumpitur.
719 1022 803 1092 Quod
837 1024 945 1082 vitium
976 1024 1049 1082 ileos

16 1134 35 1172 a
47 1114 160 1169 vocatur
173 1112 209 1170 ab
224 1130 268 1186 eo,
288 1110 366 1186 quod
380 1113 523 1170 intestina
536 1113 609 1170 locis
624 1114 685 1171 suis
705 1113 823 1171 exclusa
836 1114 922 1188 quasi
939 1113 1048 1171 helices

45 1199 163 1274 sedunt,
189 1219 265 1276 quae
287 1200 428 1258 valetudo
451 1202 617 1277 periculosa
641 1203 699 1275 est,
726 1202 785 1259 nisi
808 1219 875 1259 oum
898 1202 1049 1260 celeritate

45 1287 212 1348 subveneris.
264 1289 442 1348 Huiusmodi
474 1292 574 1349 autem
606 1292 676 1348 sunt
707 1289 874 1349 adhibenda
905 1290 1082 1349 remedia:3

46 1394 118 1451 aqua
138 1378 232 1437 calida
254 1397 339 1437 renes
363 1378 501 1437 animalis
524 1379 690 1437 diutissime
717 1379 894 1439 fomentabis
916 1381 1050 1439 faenum·

47 1483 98 1538 que
114 1485 176 1525 oum
191 1466 296 1541 calida,
310 1470 345 1526 ut
357 1470 453 1545 magis
468 1486 562 1543 vapor
574 1470 718 1543 penetret,
732 1469 901 1543 frequenter
915 1472 1049 1545 apponis,

16 1557 109 1627 apost
135 1557 237 1615 ciliciis
265 1557 423 1634 diligenter
448 1556 612 1634 absterges,
645 1557 743 1615 oleum
774 1559 860 1615 vetus
892 1560 923 1616 et
953 1559 1049 1633 picem

46 1641 179 1717 liquidam
198 1648 228 1704 et
246 1646 345 1704 oleum
363 1647 514 1704 laurinum
526 1648 643 1720 misces,
661 1646 817 1704 calefacies
836 1648 866 1704 et
884 1647 1048 1706 diutissime

46 1732 215 1809 perfricabis,
232 1736 278 1793 ita
296 1737 331 1792 ut
348 1736 500 1793 testiculos
519 1736 614 1811 ipsius
631 1753 780 1813 perungas
802 1736 880 1793 etin
900 1737 1048 1794 auriculas

47 1820 162 1881 calidum
183 1824 366 1882 medicamen
388 1824 537 1882 infundas.
583 1824 658 1882 Tam
680 1823 732 1881 diu
761 1826 861 1882 autem
884 1824 1082 1899 fricabitur,4

46 1911 78 1966 ut
98 1910 196 1971 sudare
213 1914 341 1988 incipiat
363 1915 532 1973 otrentum
554 1915 697 1987 emittere,
721 1933 756 1971 ex
780 1932 837 1988 quo
861 1932 928 1989 spes
951 1917 1048 1973 osten-

17 1995 119 2058 soditur
139 2002 283 2061 sanitatis.
330 2000 415 2070 Quod
436 2002 502 2061 loco
528 2002 624 2061 calido
648 2005 761 2062 statues
785 2021 819 2060 ac
841 2004 921 2081 sagis
944 2022 1048 2078 coope-

47 2087 97 2146 ries
125 2089 294 2168 diligenter,
329 2091 406 2149 hanc
438 2090 561 2149 daturus
594 2091 703 2150 cotidie
735 2092 899 2166 potionem:
935 2094 1047 2168 piperis

108 2276 212 2331 schir.
232 2295 254 2331 c.
276 2282 336 2330 214.
432 2284 448 2331 6
467 2276 540 2332 Chir.
561 2295 582 2331 c.
603 2283 664 2332 215.
763 2283 796 2331 12
816 2275 887 2331 Chii.
908 2294 930 2330 c.
951 2283 1010 2333 216.

47 2350 74 2398 21
92 2345 159 2404 chii.
174 2367 196 2403 c.
212 2353 273 2403 217.

107 2532 120 2579 1
138 2527 251 2581 renibus
270 2541 366 2580 eorum
384 2528 446 2581 FP
461 2525 597 2580 renilibus
616 2543 639 2580 e.
655 2528 683 2581 A
706 2525 813 2580 sinibus
832 2526 871 2578 ed.
886 2542 931 2594 pr.
948 2525 1020 2580 ebir.
1039 2527 1042 2597 1

46 2592 114 2648 illam
131 2601 157 2652 A
169 2601 208 2667 112
229 2596 406 2652 catochidem
423 2599 452 2652 P
468 2597 629 2652 catadidem
643 2599 674 2652 F
689 2597 857 2651 cataclidem
875 2597 947 2651 Obir.
967 2599 1044 2651 cata-

47 2664 138 2721 clidurn
160 2670 188 2723 A
211 2668 403 2737 catachlytum
425 2670 464 2723 cd.
484 2687 529 2738 pr.
567 2671 576 2739 11
612 2674 628 2721 3
652 2671 750 2723 ventus
774 2670 805 2723 F
824 2670 922 2721 venter
943 2669 1015 2739 vulg.
1035 2668 1044 2740 11

48 2741 61 2786 4
76 2754 175 2794 croesus
193 2741 220 2795 A
240 2757 277 2795 cr.
292 2740 337 2793 vel
355 2757 404 2794 ora.
419 2740 481 2794 FP
499 2745 503 2808 1
523 2739 770 2809 praeconclusione
789 2740 816 2793 A
832 2742 836 2808 1
852 2739 1000 2795 intrinsica
1017 2758 1042 2794 v.

49 2811 133 2864 nescit
149 2812 212 2866 AF
226 2814 230 2880 1
246 2828 280 2865 ac
298 2829 319 2864 s.
340 2813 368 2865 et
382 2812 475 2865 AFP
492 2826 525 2865 ac
544 2810 658 2865 sibimet
675 2813 715 2866 ed.
726 2829 771 2881 pr.
786 2814 824 2880 117
845 2827 928 2882 saepe
947 2811 1006 2865 iam
1024 2812 1042 2865 i.

50 2879 80 2931 ed.
88 2899 128 2949 pr.
143 2884 204 2937 AF
222 2886 232 2952 11
254 2888 270 2936 8
289 2883 319 2936 in
337 2900 388 2936 om.
402 2884 431 2936 P
447 2882 484 2936 ad
502 2883 542 2937 ed.
553 2900 598 2952 pr.
613 2886 623 2952 11
642 2889 657 2936 9
676 2882 833 2936 iumentum
849 2885 963 2952 scripsi,
985 2882 1042 2937 iam

50 2950 80 3003 ed.
88 2969 127 3020 pr.
142 2955 169 3008 A
182 2972 277 3009 nec-
287 2972 376 3023 rump.
387 2971 438 3007 orn.
452 2955 514 3009 FP
526 2959 668 3008 omentum
684 2955 756 3010 crib.
767 2971 787 3008 c.
798 2958 860 3008 211.
875 2959 931 3008 216
947 2955 951 3025 1
967 2955 1042 3022 quod

50 3036 68 3071 v.
80 3022 132 3078 FP
147 3026 196 3080 sed
210 3027 240 3079 in
254 3044 278 3079 v.
298 3026 373 3094 quod
387 3028 439 3079 etc.
455 3026 483 3079 A
497 3025 546 3079 sed
565 3025 690 3079 iumento
709 3025 784 3094 quod
798 3025 829 3077 in
842 3026 941 3079 vitium
960 3027 1009 3094 qui
1023 3027 1042 3080 i.

51 3107 68 3144 v.
81 3136 85 3145 .
98 3137 103 3149 .
118 3140 122 3150 .
137 3096 269 3151 inciderit
286 3112 320 3150 ea
338 3096 391 3150 val.
406 3098 445 3151 ed.
457 3114 502 3166 pr.
528 3097 533 3165 1
557 3096 642 3165 yleon
655 3098 716 3151 AP
735 3098 744 3165 ΙΙ
768 3101 801 3150 10
820 3113 855 3150 ex
872 3113 905 3150 eo
923 3098 963 3151 cd.
974 3114 1020 3166 pr.
1037 3099 1041 3170 1

52 3161 125 3221 obices
138 3170 166 3222 P
182 3168 267 3223 elices
280 3168 320 3222 cd.
333 3185 378 3237 pr.
393 3169 453 3222 FA
470 3167 576 3222 helicae
596 3169 670 3223 Oba
687 3171 691 3238 1
708 3166 813 3220 animal
828 3187 854 3237 q.
869 3168 895 3221 h.
911 3168 1004 3223 facere
1022 3167 1041 3221 f.

52 3233 80 3287 ed.
91 3255 129 3305 pr.
148 3241 175 3293 A
211 3243 221 3308 11
259 3244 291 3293 16
311 3238 396 3294 cilicii
415 3241 442 3293 A
461 3239 581 3293 stamine
600 3240 628 3293 P
664 3241 668 3307 1
707 3238 845 3309 abstergis
864 3240 925 3293 ΔΡ
950 3239 953 3311 1
974 3239 1043 3293 item

51 3309 101 3361 0.P
125 3313 129 3376 1
157 3312 293 3366 etam.P
311 3312 320 3380 11
343 3317 376 3365 16
391 3314 421 3364 ct
434 3309 486 3364 cal.
501 3310 528 3363 d.
543 3312 604 3365 FP
624 3313 634 3380 11
662 3314 694 3363 17
709 3309 751 3363 ita
765 3313 795 3364 et
808 3311 847 3363 ed.
854 3328 899 3379 pr.
926 3313 929 3380 1
954 3310 1042 3379 ipsius

50 3376 97 3432 FP
110 3380 166 3435 eius
184 3383 256 3453 vulg.
291 3385 295 3451 1
328 3398 468 3452 perunges
486 3383 562 3436 codd.
590 3384 600 3451 11
628 3386 661 3435 18
684 3380 817 3434 infundas
836 3382 864 3435 A
882 3397 924 3435 -es
942 3382 1013 3452 vulg.
1036 3381 1040 3451 1

50 3446 144 3505 fricatis
161 3455 258 3523 Ρ119
276 3454 372 3508 sadari
390 3454 418 3507 P
432 3456 436 3522 1
452 3456 549 3507 ventos
568 3455 616 3521 Ρ11
630 3458 665 3505 20
683 3451 744 3506 loco
763 3467 813 3505 om.
829 3452 858 3503 P
880 3455 884 3520 1
907 3451 995 3504 saccis
1014 3453 1042 3503 A

50 3521 104 3574 satis
121 3524 163 3593 Ρ1
179 3524 291 3594 cooperi
309 3527 338 3580 P
348 3529 358 3595 11
372 3530 404 3577 21
425 3524 557 3578 continno
576 3525 604 3578 P

847 3607 882 3659 5*
