2509 3892
187 86 230 151 36
626 82 762 137 VEGETI

185 254 354 331 Aegyptiae
385 246 419 330 [i.
443 248 688 327 coloquintidem]
718 253 865 327 quantum
895 251 1086 311 acetabulum
1114 252 1194 326 cepit
1220 204 1225 337 1

186 344 278 420 friges
302 344 332 400 et
355 343 501 414 conteres,
531 340 634 399 addita
657 340 720 398 vini
743 339 806 398 albi
830 339 937 415 optimi
958 339 1094 414 hemina,
1126 338 1195 415 quod
1221 340 1225 411 ?

187 430 325 508 diligenti
357 429 521 507 agitatione
553 431 733 505 permixtum
768 429 892 489 linteolo
925 429 1051 504 colchis,
1089 431 1120 488 st
1150 447 1196 505 per
1220 422 1224 437 '

187 520 322 578 dextram
343 520 471 577 iumenti
492 537 595 576 narem
621 518 786 591 suffundas,
812 520 847 575 ut
868 520 1023 594 pervenire
1046 519 1144 594 possit
1164 516 1197 575 sd

155 611 314 669 dviscera:
337 627 414 684 quae
441 608 616 683 compositio
643 607 682 665 ad
703 606 904 683 dysenteriam
928 607 1058 684 prodest.
1101 606 1195 665 Tertia

188 715 305 774 quoque
320 690 417 756 'vilior
434 696 486 756 sed
503 715 563 755 non
586 698 684 755 minus
703 699 776 773 apta
799 696 914 755 curatio
933 699 991 754 est:
1013 696 1131 755 radices
1154 713 1195 752 cu-

187 786 313 847 cumeris
337 785 467 845 silvatici
490 784 594 843 viridis
622 784 785 844 contundes
812 787 844 843 et
869 784 902 843 in
929 804 1008 861 aqua
1031 804 1095 843 una
1117 785 1195 843 nocte
1220 746 1225 885 ξ

185 875 363 950 macerabis,
393 874 500 933 deinde
525 874 659 933 sublatas
690 873 851 933 contundes
875 875 905 932 et
927 874 1054 951 colabis,
1085 893 1123 932 ex
1144 892 1195 948 quo
1222 902 1226 931 ;

186 983 256 1025 suco
286 966 373 1023 terna
400 963 545 1022 coclearia
579 982 648 1023 cum
676 964 755 1022 nitro
785 963 858 1022 trito
888 964 1037 1038 permixta
1063 965 1099 1020 in
1126 964 1194 1034 vino,
1222 968 1225 993 ⁶

187 1058 214 1114 si
232 1054 346 1113 animal
365 1051 427 1111 sine
445 1052 527 1111 febre
546 1054 599 1128 est,
618 1052 776 1128 tepefacto,
795 1051 904 1110 cotidie
922 1052 1060 1112 faucibus
1078 996 1227 1195 digeras*

157 1146 232 1204 cite
253 1144 289 1201 ut
311 1143 425 1218 septem
453 1140 556 1200 diebus
586 1142 735 1200 continuis
766 1159 868 1199 curare
897 1160 957 1199 non
980 1140 1110 1201 desinas.
1151 1139 1194 1198 Ni·

186 1235 268 1289 trum
291 1249 409 1307 quoque
432 1230 539 1289 tritum
561 1234 591 1289 et
618 1231 782 1289 cucumeris
810 1229 940 1289 silvatici
966 1230 1085 1289 radices
1109 1229 1193 1288 minu·

186 1321 276 1378 tatim
306 1321 451 1393 concisas,
481 1319 585 1377 addita
614 1321 734 1377 hemina
762 1320 828 1377 vini
856 1318 964 1395 tepidi,
993 1319 1025 1376 in
1059 1319 1193 1379 hordeum

186 1408 260 1467 bene
284 1410 446 1485 purgatum
469 1408 592 1467 animali
617 1408 774 1486 languenti
795 1406 942 1482 infundes,
965 1410 1000 1466 ut
1021 1428 1085 1468 non
1109 1409 1194 1468 solum
1222 1394 1228 1481 1

186 1499 270 1574 potio
289 1517 392 1557 verum
411 1499 503 1556 etiam
520 1496 664 1573 pabulum
682 1497 897 1556 medicamento
915 1500 1119 1573 temperatum
1136 1510 1220 1573 pro-u

136 1586 269 1647 lOfioiat
299 1585 338 1645 ad
366 1586 501 1645 salutem.
553 1584 631 1645 Item
660 1585 742 1645 aliud
771 1586 947 1645 remedium:
976 1586 1093 1647 radices
1125 1583 1193 1644 ebuli

187 1678 218 1734 et
240 1675 354 1734 radices
382 1676 497 1733 urticae
527 1676 631 1750 aequis
658 1674 838 1750 ponderibus
865 1675 1040 1734 minutatim
1071 1674 1194 1735 concisas

260 1808 368 1863 echa.
389 1825 413 1862 ο.
432 1813 482 1861 em
503 1808 538 1861 cf.
558 1814 609 1862 sor
628 1828 656 1878 p.
677 1813 720 1877 er,
741 1814 781 1862 re.
818 1809 876 1863 Pel.
898 1815 938 1875 19,
958 1814 982 1862 7.
1077 1816 1110 1863 11
1130 1807 1191 1861 cm.

187 1897 209 1933 c.
225 1886 285 1948 soa,
301 1886 360 1934 sse.
435 1885 467 1933 re
486 1879 543 1934 Pel.
559 1897 582 1933 ο.
597 1885 623 1936 a

259 2012 273 2057 1
288 2003 480 2074 Aegyptiacae
495 2004 560 2058 Aa
570 2005 609 2058 ec.
620 2022 666 2074 pr.
683 2008 687 2073 l
704 1985 1147 2075 om.sccso.rea9.'m01cos
1163 2000 1191 2055 u.

188 2075 388 2146 coloquintidis
397 2091 491 2129 semen
501 2092 524 2129 c.
535 2075 584 2130 Ae.
593 2073 624 2129 F
631 2092 726 2129 semen
736 2075 955 2143 coloquintidem
965 2077 1034 2130 acet.
1045 2094 1136 2130 unum
1144 2077 1193 2128 tere

187 2183 233 2251 ΡΙ
250 2181 345 2251 capiet
363 2182 391 2236 A
404 2182 443 2237 ed.
458 2200 503 2251 pr.
524 2163 620 2252 capidi
634 2182 665 2236 F
675 2184 714 2251 112
733 2182 841 2252 frangis
859 2182 923 2236 AF
934 2183 974 2237 ed.
985 2183 1060 2306 pa}
1083 2186 1113 2238 et
1130 2180 1192 2257 addc

186 2272 212 2308 v.
227 2271 251 2307 o.
267 2269 291 2307 a.
315 2252 437 2307 eminam
455 2256 484 2309 P
520 2256 524 2322 1
558 2253 618 2307 albi
635 2253 658 2309 S
674 2256 702 2309 P
716 2255 789 2308 cac.
808 2255 936 2308 Pct‘om.
952 2253 1039 2308 AFc
1061 2273 1125 2325 .pr.
1144 2251 1192 2305 albi

186 2324 295 2394 triptici
319 2326 348 2394 (1.
367 2324 495 2395 styptici)
518 2325 545 2379 L
580 2328 589 2396 11
624 2330 640 2378 3
666 2327 695 2378 et
720 2324 871 2394 diligenter
899 2324 985 2378 misce
1010 2326 1040 2379 et
1066 2325 1129 2379 cola
1151 2337 1192 2392 per

186 2396 305 2450 linteum
324 2399 353 2453 et
371 2395 494 2451 colatum
508 2397 536 2449 P
554 2400 558 2465 1
583 2395 684 2464 quodsi
703 2398 730 2450 A
759 2398 763 2465 1
788 2396 818 2448 in
835 2395 952 2450 lentiolo
971 2396 1014 2465 Sl]
1032 2401 1049 2449 4
1068 2391 1191 2450 iumentis

186 2468 226 2536 Sl
244 2467 387 2521 suffundas
405 2469 458 2523 SL
476 2466 524 2520 eff·
539 2466 604 2521 AF
618 2466 673 2520 inf·
687 2469 715 2521 P
726 2467 767 2521 eol.
777 2484 822 2537 pr.
844 2467 848 2538 1
865 2466 891 2521 ei
909 2465 999 2536 possit
1012 2468 1039 2521 L
1054 2472 1058 2535 1
1076 2467 1114 2521 sd
1132 2463 1192 2520 vesi·

187 2555 250 2593 cam
264 2539 295 2593 F
305 2540 314 2607 11
329 2545 344 2593 5
359 2538 511 2620 plurimum
524 2556 564 2606 pr.
576 2541 604 2593 P
615 2538 656 2592 cd.
666 2555 763 2620 pr3pr.
781 2537 941 2592 hominibus
952 2540 978 2593 L
994 2542 998 2605 1
1015 2539 1073 2592 alia
1087 2539 1127 2621 ed.
1139 2554 1178 2607 pr.

187 2610 576 2761 {satisfieret
591 2615 608 2731 i
626 2609 1191 2759 succlamassem

187 2750 218 2803 in
237 2765 286 2804 om.
302 2753 330 2804 P
346 2753 355 2818 11
374 2755 389 2802 8
409 2750 510 2802 demde
525 2792 530 2801 .
547 2790 552 2803 .
569 2749 675 2804 celabis
699 2769 748 2805 om.
765 2753 788 2808 S
805 2751 830 2805 d.
845 2752 932 2806 misce
951 2751 1001 2805 diu
1018 2752 1049 2805 in
1067 2754 1190 2807 mortario

189 2822 218 2874 et
233 2819 332 2874 colaP
344 2820 353 2888 11
368 2825 383 2873 9
397 2820 491 2874 triaP
503 2821 593 2890 edpr.
611 2825 614 2889 1
631 2823 863 2894 11119]θωὶκωῦ
879 2827 883 2890 1
899 2840 963 2877 cum
975 2841 1000 2876 v.
1016 2825 1078 2878 AP
1090 2817 1192 2892 edpr-ll

190 2895 223 2944 10
236 2889 323 2944 fuerit
336 2890 401 2945 AF
411 2891 451 2945 ed.
462 2908 507 2960 pr.
522 2907 578 2945 non
592 2892 679 2947 febrit
692 2897 720 2949 P
735 2898 738 2961 1
754 2894 870 2964 degeres
882 2896 909 2950 L
921 2894 1032 2964 ingeres
1046 2895 1087 2949 cd.
1099 2912 1142 2964 pr.
1154 2892 1189 2944 in·

188 2962 284 3015 mittes
298 2964 326 3017 P
341 2964 351 3031 11
374 2967 407 3016 12
425 2962 497 3016 bene
515 2964 548 3016 tr.
563 2964 628 3019 AF
638 2965 678 3018 cd.
690 2983 734 3034 pr.
759 2969 762 3032 1
786 2981 959 3019 cucumerem
977 2965 1137 3019 silvaticum
1148 2961 1188 3029 L!

187 3032 313 3087 radicem
330 3032 438 3087 minute
456 3033 575 3088 incisam
593 3038 621 3090 P
632 3037 642 3105 11
657 3041 690 3089 13
709 3036 821 3091 concisa
839 3037 930 3105 81114
948 3037 985 3090 ad
1003 3036 1138 3105 pabulum
1154 3034 1190 3088 in·

188 3103 290 3157 fundas
305 3105 333 3158 A
346 3104 386 3158 ed.
395 3122 440 3174 pr.
459 3104 588 3160 faucibus
602 3108 620 3161 i.
636 3108 663 3161 L
676 3109 686 3175 11
701 3113 733 3160 15
752 3110 835 3175 potus
849 3109 877 3162 P
892 3110 992 3177 potum
1005 3108 1069 3162 AF
1082 3110 1121 3163 cd.
1131 3122 1171 3176 pr·
1184 3105 1186 3169 l

189 3176 224 3228 ds
249 3175 454 3230 medicamento
473 3178 499 3230 L
522 3178 760 3232 medicamentum
780 3180 808 3233 A
826 3179 865 3234 ed.
881 3196 926 3248 pr.
946 3178 1034 3233 faciat
1052 3180 1092 3235 ed.
1107 3197 1149 3249 pr.
1166 3175 1189 3229 A

189 3244 236 3314 (al.
251 3247 380 3314 proficiat
397 3251 501 3318 margo)
515 3250 524 3316 11
539 3255 571 3302 16
591 3248 679 3302 alium
696 3249 753 3304 SF
767 3265 833 3303 rem.
850 3266 901 3304 om.
916 3250 981 3304 AF
992 3253 1031 3305 ed.
1043 3268 1087 3319 pr.
1104 3252 1108 3322 1
1123 3245 1189 3302 redi·

190 3332 251 3370 cem
265 3318 325 3371 AP
337 3318 432 3388 ed.·pr.
447 3318 556 3372 radices
567 3363 573 3374 .
585 3362 590 3372 .
601 3320 724 3373 radicem
734 3319 756 3374 S
767 3319 865 3373 radix.
878 3321 975 3375 radix
986 3321 1017 3375 F
1027 3325 1037 3391 11
1052 3326 1083 3374 17
1094 3319 1187 3375 orticse

189 3387 241 3441 SL
257 3390 261 3452 1
277 3387 384 3441 minute
395 3390 423 3443 P
435 3388 566 3442 minutim
579 3391 619 3444 cd.
632 3406 676 3457 pr.
702 3394 706 3455 1
731 3390 862 3444 concidas
876 3392 905 3445 et
918 3390 1025 3445 infusas
1039 3393 1061 3447 S
1073 3390 1188 3445 concisse

190 3456 297 3510 infusas
311 3459 338 3512 L
352 3474 374 3511 c.
391 3461 419 3512 et
432 3459 450 3511 i.
463 3458 494 3512 F
504 3460 606 3513 incisas
621 3463 650 3512 et
667 3460 685 3511 i.
700 3460 727 3513 A
743 3461 783 3514 ed.
798 3477 844 3528 pr.
865 3461 972 3516 incides
992 3465 1020 3516 ct
1037 3461 1152 3517 infunde
1168 3458 1191 3514 Ρ
1229 3506 1230 3517 ,
