2509 3892
188 177 255 242 242
631 176 768 232 VEGETI

186 347 301 405 fuerint
323 346 533 423 hydrophobos
556 347 651 406 faeiat
682 348 713 406 et
742 350 899 407 convertet
920 348 953 406 in
981 346 1102 407 rabiem.
1144 345 1192 415 Qui

187 435 245 495 hoo
270 436 388 496 ratione
411 438 567 517 ementur:
595 435 696 495 locum
719 438 771 511 qui
797 455 913 497 morsus
941 439 1000 511 esi,
1029 436 1129 495 ferreis
1152 434 1192 493 rel

189 523 269 600 quod
286 525 392 584 utilius
407 527 462 599 est,
481 524 611 600 cuprinis
631 527 773 584 eunieriie
786 527 878 601 urite,
894 524 928 585 in
944 517 1010 586 loeo
1023 516 1192 584 tenebricoso

166 646 168 653 ·
189 632 257 674 eum
275 614 459 674 ooneiiiuito.
497 613 546 673 Sie
565 633 633 672 eum
651 614 817 690 edequnbis
835 616 869 673 in
886 615 1026 689 tenebris,
1044 634 1081 674 ne
1099 632 1194 690 equum

187 703 298 763 videet.
344 702 457 772 Quodsi
480 720 584 762 eonem
601 701 702 779 ipsum
724 703 858 764 oeeidere
876 705 1019 781 potueris,
1041 705 1123 763 ieeur
1143 704 1221 762 einse

187 795 307 853 eonium
324 791 363 851 od
380 791 621 852 manducandum
639 792 724 852 debis
739 794 789 853 vel
807 794 915 852 iritum
933 793 1071 852 faucibus
1085 793 1193 871 digeres.

187 881 282 942 Faeni
304 900 422 957 quoque
440 881 494 941 flos
508 881 670 942 oombures
694 884 725 941 ei
747 900 815 941 eum
834 882 964 967 axungia
982 883 1078 941 veteri
1097 882 1194 941 deieres

153 974 219 1032 2et
241 971 281 1030 ed
302 988 434 1030 morsum
457 988 601 1047 oppones:
624 971 758 1031 salutare
774 972 941 1031 remedium
963 974 1016 1030 esi.
1063 969 1122 1030 Sed
1143 988 1194 1047 spe·

188 1060 306 1120 eieiiier
334 1059 468 1137 prodest,
502 1061 529 1119 si
556 1060 689 1120 redieem
718 1060 935 1137 cynorrhodae‚
964 1059 997 1119 id
1017 1063 1073 1120 'esi
1100 1059 1194 1119 herbo

186 1168 265 1227 queo
287 1152 412 1209 vooatnr
440 1166 510 1208 rosa
531 1150 652 1225 canina,
675 1149 811 1210 effoderis
841 1152 873 1209 ei
894 1150 989 1209 lotum
1011 1151 1097 1226 prins
1119 1153 1224 1225 ebqneu

188 1241 343 1299 eonbrsem
365 1237 524 1316 diligenter
545 1239 613 1297 sive
635 1238 766 1298 hominis
791 1240 854 1299 sive
884 1238 1037 1313 animalis,
1060 1239 1140 1316 quod
1158 1256 1195 1297 rn-

186 1329 289 1388 biosns
307 1330 389 1387 cenis
407 1327 609 1402 momorderit,
632 1328 665 1387 in
682 1328 774 1406 plegu
798 1329 972 1404 apposueris
990 1329 1195 1403 eonin'iemqne

188 1435 257 1477 oum
285 1418 356 1477 vino
385 1418 480 1475 veteri
507 1418 714 1493 propinaveris
744 1416 783 1476 ad
811 1416 981 1477 bibendum.
1034 1416 1102 1477 Hee
1130 1417 1195 1475 erin

188 1507 252 1566 sois
274 1508 390 1565 rubiono
412 1523 467 1564 nee
493 1502 719 1582 hydrophobos
734 1505 786 1565 fiet
809 1509 840 1565 ei
868 1505 1027 1565 imminens
1050 1506 1195 1567 discrimen

153 1587 301 1657 3evedei.
347 1593 437 1653 Oanis
459 1592 557 1653 rubidi
579 1595 727 1655 morsibus
750 1593 897 1671 subvenib,
920 1596 948 1655 si
969 1594 1018 1653 ΙΠ
1040 1613 1136 1673 serup.
1157 1593 1225 1652 Iun

188 1685 268 1745 deiei
295 1683 452 1742 bituminis
485 1683 552 1742 triti
581 1701 649 1743 eum
682 1685 804 1743 hemina
839 1686 904 1744 vini
939 1686 1050 1744 veteris
1079 1684 1195 1762 tepentis

186 1773 288 1833 triduo
310 1791 364 1848 per
387 1790 420 1832 os
445 1771 571 1851 digeras.
617 1772 758 1832 Sembuei
781 1793 899 1850 quoque
921 1792 1017 1852 grene
1035 1774 1086 1833 vel
1108 1790 1196 1833 suein

188 1863 224 1922 de
241 1861 323 1921 foliis
342 1861 449 1921 auide
467 1863 578 1921 cortice
603 1864 757 1939 exprimes,
781 1866 813 1922 ei
835 1881 903 1923 oum
920 1864 992 1922 vino
1010 1864 1108 1923 veieri
1126 1861 1196 1921 debis

187 1954 220 2011 in
242 1954 355 2028 potum.
402 1949 460 2012 Sed
481 1954 554 2010 tone
572 1951 677 2011 effioex
699 1955 745 2011 esi
762 1953 836 2011 haee
856 1953 950 2029 potio,
972 1953 1000 2011 si
1017 1951 1055 2011 do
1074 1971 1110 2012 eo
1132 1969 1196 2011 eem-

187 2041 262 2102 bnoo
286 2040 410 2115 dederis,
434 2039 514 2115 quod
535 2059 596 2100 non
618 2042 651 2099 in
669 2043 750 2100 terre
773 2040 824 2100 sed
845 2042 879 2099 in
903 2041 963 2100 elin
986 2041 1094 2101 arbore
1118 2039 1224 2100 fueritne

187 2133 301 2191 natum.

209 2373 212 2378 ⁴
255 2325 275 2372 '2
294 2318 409 2372 curatur
426 2315 466 2371 ed.
478 2333 524 2386 pr.
539 2318 567 2371 P
589 2319 594 2387 Ι
619 2315 698 2370 loeus
717 2316 757 2371 ed.
770 2333 814 2386 pr.
829 2317 857 2371 A
882 2319 887 2386 Ι
915 2316 1007 2372 ferreo
1026 2316 1072 2371 vel
1092 2316 1197 2387 enprino

189 2393 286 2445 uretur
304 2387 498 2458 centurioni.
515 2429 520 2441 .
536 2430 542 2441 .
558 2387 700 2443 conetibre
718 2390 746 2443 P
771 2390 781 2458 Ι
808 2393 824 2443 3
842 2388 991 2443 tenebroso
1010 2390 1051 2444 ed.
1062 2406 1109 2459 pr.
1124 2385 1193 2450 AP!

186 2469 204 2516 4
219 2460 352 2531 alligabis
366 2459 407 2515 ed.
418 2478 463 2529 pr.
479 2459 636 2529 edequebis
645 2460 673 2513 A
686 2461 756 2529 pote
765 2460 794 2514 P
808 2462 812 2529 Ι
827 2476 864 2514 ne
878 2459 1034 2528 quidquam
1048 2477 1073 2515 v.
1088 2460 1128 2523 ed,
1138 2455 1193 2529 μΙ

188 2540 204 2588 6
224 2532 371 2587 decoctum
389 2531 429 2586 ed.
441 2548 486 2600 pr.
501 2533 529 2585 A
554 2534 558 2601 Ι
585 2530 721 2596 detritum
740 2530 781 2585 ed.
792 2548 837 2600 pr.
851 2531 913 2586 AP
938 2532 948 2601 ΙΙ
976 2529 1093 2585 iflores
1111 2532 1150 2586 ed.
1159 2546 1197 2601 pr.

187 2604 284 2658 florem
298 2604 326 2657 P
340 2606 344 2673 Ι
361 2603 470 2658 deberes
489 2605 518 2657 ei
536 2620 587 2658 ern.
601 2602 628 2656 L
642 2605 651 2672 Ι
665 2607 681 2656 9
701 2602 842 2671 eynorode
855 2602 882 2656 L
901 2601 1097 2672 cynorrhodon
1111 2604 1150 2658 ed.
1159 2617 1197 2671 pr.

188 2675 359 2744 oyronedom
384 2674 510 2728 eiusdem
535 2689 608 2743 quoe
632 2675 660 2729 A
686 2673 861 2744 einoglossne
879 2674 909 2730 P
943 2675 962 2743 ss·
992 2672 1199 2744 roeppellanr

187 2748 227 2802 ed.
238 2764 283 2817 pr.
300 2747 329 2801 A
358 2748 362 2816 Ι
396 2744 528 2799 effuderis
546 2747 574 2801 L
592 2745 752 2800 escenderis
770 2746 798 2799 A
831 2748 836 2816 Ι
869 2745 929 2799 lete
946 2762 989 2815 pr.
1008 2744 1046 2798 ed
1065 2744 1176 2800 eont.L

188 2816 349 2945 mus
367 2833 397 2941 s·
409 2815 685 2959 uersu
710 2814 1198 2957 usur

188 2961 216 3014 P
226 2964 236 3031 Ι
251 2966 283 3015 12
297 2953 506 3029 constrictumq.
522 3002 563 3015 ...
578 2890 785 3030 propinrdrie'L
798 2961 808 3030 Ι
823 2965 856 3013 18
870 2976 911 3034 pr.
927 2958 1032 3014 cotidie
1046 2961 1087 3014 ed.
1097 2977 1143 3030 pr.
1157 2955 1198 3026 ΡΙ

189 3039 223 3088 14
240 3034 293 3102 rab.
313 3032 427 3086 curetur
441 3032 470 3084 ei
487 3030 506 3085 i.
521 3032 549 3086 P
562 3034 567 3102 Ι
582 3032 632 3086 fieb
650 3033 679 3086 ei
692 3047 742 3086 one.
758 3033 786 3087 A
801 3035 805 3101 Ι
821 3030 970 3085 imminens
984 3031 1091 3085 crimen
1108 3031 1197 3098 edm·

188 3106 215 3159 A
229 3105 239 3173 Ι
254 3107 286 3157 15
300 3102 339 3156 ΙΠ
353 3119 403 3157 ser.
420 3101 525 3171 espelti
539 3102 568 3158 P
577 3105 636 3158 ires
656 3101 737 3173 scrip.
753 3102 831 3171 nitri,
844 3101 904 3156 Iud.
919 3101 971 3157 bit.
987 3102 1070 3172 scrip.
1080 3101 1094 3156 I
1106 3102 1198 3157 tritum

188 3175 227 3230 ed.
235 3192 279 3244 pr·
293 3176 303 3244 ΙΙ
318 3179 351 3228 16
370 3175 452 3228 iiiios
466 3175 496 3230 P
510 3175 578 3229 trito
592 3174 620 3228 L
638 3174 700 3229 triti
714 3175 742 3229 A
762 3176 766 3244 Ι
781 3192 811 3232 ⁴v.
826 3192 850 3228 v.
864 3172 935 3228 meri
953 3174 973 3228 b.
988 3177 1017 3229 A
1039 3177 1049 3243 Ι
1071 3178 1103 3227 17
1122 3173 1198 3227 deur

188 3248 216 3302 P
239 3250 243 3315 Ι
268 3247 389 3299 sambuci
406 3247 447 3300 ed.
457 3264 501 3315 pr.
517 3247 545 3301 A
563 3248 572 3315 ΙΙ
596 3250 630 3300 18
648 3241 751 3300 rodiee'
763 3247 791 3301 A
815 3249 820 3314 Ι
845 3260 992 3315 expressus
1011 3243 1041 3301 et
1058 3262 1120 3299 enm
1140 3261 1162 3298 v.
1175 3256 1196 3293 1.

188 3316 285 3387 tepido
305 3316 388 3370 deins
406 3315 436 3369 in
450 3333 477 3383 p.
497 3315 627 3370 subvenit
641 3318 687 3385 ΡΙ
703 3334 727 3371 v.
743 3335 766 3371 v.
782 3316 911 3387 tepidum
928 3315 1070 3386 (1.ΑΙΙ·20
1088 3330 1157 3387 qnos
1173 3311 1196 3366 A

189 3403 261 3456 quae
271 3430 276 3442 .
288 3429 294 3441 .
306 3430 311 3441 .
322 3386 422 3441 innota
439 3386 520 3442 Scin.
535 3389 544 3456 ΙΙ
559 3392 590 3440 21
611 3386 742 3441 innatum
759 3388 799 3443 ed.
809 3405 856 3458 pr.
872 3388 900 3442 A
