2509 3892
207 159 271 222 174
643 157 779 212 VEGETI

204 328 268 385 loco
292 345 345 385 suo
367 327 486 401 redisse,
510 329 540 386 et
561 327 715 402 paulisper
732 327 872 399 cessabis,
896 329 964 402 post
987 330 1097 386 sensim
1119 326 1203 386 deaur-

170 415 333 474 bbulando
362 416 531 491 temptabis
572 416 613 473 Et
642 419 668 474 si
696 419 810 474 rectum
837 416 942 491 pedem
971 419 1066 493 ponat
1094 419 1125 475 et
1155 435 1204 474 non

201 504 363 578 claudicet,
393 505 518 564 ulterius
541 505 653 563 animal
675 524 735 563 nou
765 505 899 579 vexabis,
928 505 979 565 sed
1008 506 1204 582 pertriduum
1246 555 1247 582 ζ

203 593 381 653 fomentabis
405 594 441 651 de
464 593 561 653 calida
584 594 778 667 verbenaoea,
808 597 876 669 post
898 596 1065 653 causticam
1087 595 1201 653 induces.

204 682 316 752 Quodsi
342 685 440 759 prima
469 683 517 740 die
544 685 650 759 reponi
677 683 817 742 iunctura
838 702 898 741 non
920 686 1065 760 potuerit,
1089 683 1233 743 secundas

204 772 252 831 die
274 772 322 831 vel
344 773 435 831 tertia
457 772 550 830 simili
571 773 687 832 ratione
715 791 818 831 coxam
836 774 961 847 saepius
983 774 1096 848 trahes,
1124 773 1202 831 donec

170 864 186 921 7
202 863 370 920 revertatur
389 861 427 919 ad
440 862 545 921 locum.
588 860 740 937 Quidquid
759 863 860 920 autem
877 849 1017 920 vexatum
1035 863 1084 922 vel
1101 865 1201 920 motum

202 951 296 1009 fuerit
309 953 363 1009 aut
375 952 438 1008 ictu
451 953 535 1009 rotae
549 952 602 1008 aut
616 968 793 1026 quocunque
803 950 863 1010 alio
878 969 948 1009 casu
961 953 994 1008 in
1007 952 1154 1028 prioribus
1162 949 1201 1008 vel

201 1038 414 1115 posterioribus
431 1039 567 1115 partibus
588 1040 637 1099 vel
654 1038 769 1116 gambis
792 1040 841 1098 vel
863 1040 998 1099 articulis
1017 1041 1065 1099 vel
1084 1039 1200 1117 genibus,

201 1129 257 1187 hoc
271 1128 456 1187 anacollema
472 1129 650 1206 constringit
663 1130 694 1187 et
707 1129 829 1187 solidat:
847 1127 953 1187 bulbos
966 1130 1049 1188 rufos
1063 1129 1149 1201 XXX,
1161 1144 1200 1185 co·
1211 1144 1230 1182 a
1246 1169 1247 1172 ,

202 1217 280 1275 eleas
298 1218 383 1276 vivas
396 1218 487 1291 XXX,
501 1218 664 1295 anagallioi
678 1217 769 1290 libl,
786 1217 895 1276 herbae
912 1219 1096 1295 plantaginis
1109 1215 1199 1277 viridis

202 1325 324 1363 manum
345 1306 465 1382 plenam
488 1307 715 1383 diligentissime
736 1306 894 1366 contiuudis
917 1310 948 1365 et
969 1309 1083 1382 misces,
1105 1305 1199 1365 additis

202 1395 297 1453 tribus
316 1396 389 1470 ovis,
412 1414 479 1455 cum
497 1397 608 1472 stuppa
624 1396 759 1472 impones
782 1399 813 1454 et
836 1395 1004 1472 colligabis:
1027 1397 1127 1455 laxata
1142 1412 1198 1452 oon·

202 1484 329 1561 stringet
351 1487 382 1542 et
403 1485 541 1543 humecta
564 1484 695 1544 siccabit.

404 1691 610 1756 LXXXIII.
633 1692 683 1756 De
706 1693 798 1758 locas
818 1693 1012 1773 caudarum.
1206 1709 1227 1749 1⁵

94 1814 132 1852 111
140 1815 165 1853 ld
172 1813 240 1854 Gesn.

95 1867 222 1907 ,mem
287 1820 319 1878 Si
354 1821 486 1880 iumento
522 1821 622 1881 laccae
657 1825 746 1881 natae
786 1822 899 1882 fuerint
934 1823 966 1881 in
1002 1822 1127 1900 gambis,
1158 1821 1195 1878 his

240 1911 411 1987 agnoscitur
424 1910 528 1988 signis:
548 1912 651 1969 dextra
665 1929 699 1969 ac
713 1911 834 1970 sinistra
847 1912 887 1970 ad
900 1912 1123 1971 similitudinem
1135 1908 1196 1969 vesi·

202 2017 254 2057 cae
265 1999 418 2057 inflabitur
432 2002 516 2059 cutis.
545 1998 735 2059 durabuntur
748 2004 849 2060 autem
861 2001 986 2076 ratione,
1002 2020 1061 2076 qua
1074 2001 1195 2077 flegmiua

200 2091 233 2146 in
252 2088 375 2165 genibus
398 2089 528 2147 diximus
547 2092 683 2165 oportere
702 2091 806 2147 curari.
848 2090 904 2149 Est
927 2093 957 2148 et
975 2090 1036 2149 alia
1054 2090 1194 2147 medicina:

200 2179 325 2252 lentem,
355 2197 431 2253 quae
455 2197 543 2253 super
573 2197 684 2252 aquam
713 2183 812 2253 natat,
841 2179 962 2255 colliges
990 2182 1021 2237 et
1051 2177 1223 2237 canendas

202 2266 363 2343 additaque
386 2268 480 2326 veteri
504 2268 634 2343 axungia
657 2267 824 2345 colligabis:
849 2268 957 2326 vitium
980 2270 1123 2327 exsiccare
1143 2284 1193 2341 per-

273 2496 288 2544 7
309 2490 343 2544 ci.
360 2489 432 2544 Chir.
448 2507 471 2543 c.
487 2493 546 2542 639.
622 2495 654 2543 16
674 2486 746 2543 Chir.
762 2506 785 2543 c.
800 2495 842 2544 46.

273 2692 286 2739 1
306 2686 509 2755 paululumque
527 2686 567 2740 ed.
578 2701 624 2753 pr.
643 2685 792 2754 paulisque
811 2688 839 2740 A
854 2687 858 2754 1
875 2701 988 2739 sensum
1005 2689 1034 2741 A
1058 2689 1068 2757 11
1091 2680 1192 2739 18111

199 2758 292 2811 locum
311 2774 392 2811 suum
409 2756 532 2822 redierit,
551 2759 688 2810 retractos
706 2757 792 2826 pedes
810 2757 891 2825 ponit
911 2761 941 2811 et
957 2756 1052 2811 minus
1070 2755 1193 2811 claudicat

200 2831 240 2884 ed.
247 2845 291 2896 pr.
303 2831 331 2882 A
344 2831 354 2898 11
368 2833 384 2881 3
398 2846 424 2880 n.
436 2828 602 2882 convexabis
616 2829 656 2881 ed.
663 2845 708 2896 pr.
724 2827 893 2882 conuexabis
903 2830 931 2882 A
941 2832 953 2909 fl
967 2833 983 2880 4
999 2829 1035 2883 de
1048 2846 1099 2884 om.
1112 2828 1148 2882 ed.
1156 2843 1192 2895 pr·

200 2902 228 2955 A
241 2903 280 2969 1Ιὸ
299 2900 430 2953 iunctura
448 2899 578 2967 componi
591 2899 631 2953 ed.
641 2917 687 2966 pr.
702 2902 730 2953 A
752 2902 762 2968 11
785 2906 801 2952 6
820 2898 864 2953 vel
883 2901 969 2954 tertia
985 2917 1035 2955 ora.
1051 2902 1091 2955 ed.
1101 2898 1176 2969 pul

200 2986 282 3025 coxas
302 2988 322 3023 s.
337 2971 427 3024 trahis
445 2972 485 3024 ed.
496 2988 541 3039 pr.
556 2973 584 3024 A
610 2971 620 3039 ss
649 2975 663 3023 1
682 2973 821 3024 remotum
838 2972 878 3024 ed.
890 2987 934 3040 pr.
949 2972 977 3025 A
996 2969 1175 3026 admotumP

200 3041 278 3096 8vel
297 3042 315 3095 i.
330 3043 369 3096 ed.
380 3059 425 3110 pr.
455 3041 529 3166 puel
547 3040 748 3109 posterioribus
767 3058 817 3097 om.
833 3041 860 3094 L
885 3045 895 3111 ιΙ
929 3047 944 3094 9
963 3042 1008 3095 vel
1026 3043 1134 3112 gambis
1153 3054 1192 3093 oss.

199 3116 238 3169 ed.
255 3129 299 3182 pr.
318 3113 363 3166 vel
381 3112 455 3167 cruri
474 3130 508 3166 us
524 3113 552 3166 A
570 3112 698 3181 partibus
718 3113 844 3167 cruribus
862 3116 914 3167 art.
931 3113 976 3167 vel
993 3132 1021 3183 g.
1037 3116 1084 3183 ΡΙΙ
1100 3119 1129 3168 10
1141 3112 1193 3164 ans

200 3185 302 3239 solima
315 3186 343 3238 A
381 3187 385 3253 Ι
419 3184 576 3238 consolidat
594 3183 634 3237 ed.
645 3202 689 3252 pr.
704 3185 732 3237 A
767 3183 771 3255 1
810 3183 877 3238 coel.
894 3184 946 3239 viv.
960 3185 1037 3237 XXX
1056 3202 1105 3240 om.
1120 3184 1143 3237 L
1158 3196 1193 3234 co

199 3256 303 3311 olearia
321 3255 379 3308 vini
398 3257 445 3325 ΡΙΙ
460 3261 492 3308 11
512 3253 655 3323 allegalici
672 3257 717 3324 ΡΙ
732 3254 837 3310 herbae
855 3255 882 3308 L
896 3272 945 3310 om.
960 3258 1032 3327 culp.
1047 3259 1057 3326 11
1072 3263 1104 3310 13
1122 3266 1193 3323 sappo

199 3330 227 3382 P
246 3330 256 3397 ΙΙ
282 3332 315 3379 14
334 3328 363 3380 et
380 3325 534 3380 tumefacta
553 3324 665 3378 sedabit
682 3327 721 3381 ed.
736 3342 781 3394 pr.
800 3328 829 3381 et
846 3329 867 3380 t.
887 3326 1007 3381 siccabit
1024 3330 1053 3382 A

271 3403 304 3450 16
324 3398 424 3450 enatae
443 3397 483 3449 ed.
495 3413 539 3464 pr.
562 3398 572 3464 ΙΙ
600 3400 633 3448 18
653 3397 807 3450 curandum
825 3399 868 3452 est
886 3401 982 3452 autem
1000 3399 1055 3453 hac
1072 3417 1093 3452 r.
1111 3398 1147 3452 ed.
1157 3411 1191 3464 pr·

200 3467 354 3522 curandum
373 3482 407 3521 ea
424 3483 445 3520 r.
461 3469 489 3520 P
505 3466 701 3520 curandum—
713 3467 803 3520 curari
822 3485 872 3522 ons.
887 3470 915 3522 A
938 3470 942 3539 1
967 3469 1069 3539 flegma
1087 3470 1124 3524 cd.
1134 3484 1171 3536 pr·
1185 3463 1193 3532 Ν

201 3544 234 3591 10
253 3538 342 3592 lentes
361 3553 433 3606 quae
452 3553 536 3605 supra
550 3552 574 3588 a.
589 3539 690 3591 natant
708 3540 747 3592 ed.
758 3556 803 3606 pr.
818 3541 845 3593 A
859 3542 868 3608 l
883 3546 915 3593 21
934 3540 1100 3609 prohibetur
1112 3540 1147 3594 ed.
1156 3552 1190 3605 pr·
