2509 3892
156 181 200 244 30
599 178 734 232 VEGETI

157 350 255 408 cacius
278 348 408 424 prosint,
436 349 567 423 cyprinis
591 347 730 406 cauteriis
754 347 799 406 est
821 347 978 423 utendum3
1008 366 1087 423 quae
1108 347 1174 405 vul·
1235 336 1240 367 ¹

122 441 229 497 41011
242 438 307 513 pice
322 435 437 512 liquida
452 437 583 494 admixto
603 437 668 494 oleo
683 439 713 495 ot
730 436 818 495 melle
837 439 989 495 curantur.
1031 436 1172 495 Potiones
1236 434 1240 445 '

156 526 337 585 catharticas
364 527 413 584 vel
435 525 525 585 nimis
555 544 672 584 amaras
700 525 787 584 debet
810 526 956 602 accipere,
985 525 1088 584 idest
1110 524 1173 583 dia·

155 618 244 693 pente
263 634 330 675 cum
347 616 428 690 rino,
451 616 529 674 sicut
552 616 688 691 superius
708 613 891 689 dictumest,
915 634 992 690 quae
1010 614 1049 674 ad
1073 615 1173 672 omnia
1233 630 1239 671 s

122 709 140 766 5
157 723 267 783 genera
284 704 456 763 morborum
474 703 635 763 efficaciter
651 703 791 779 prodesse
809 704 972 763 consuevit.
1014 704 1174 762 Praeterea
1197 724 1208 764 5
1237 724 1240 751 2

155 794 265 854 radicis
288 793 370 853 ebuli
387 793 438 851 lib.
457 792 473 851 I
491 792 628 852 infirndcs
647 792 852 869 pertriduum
870 794 902 851 in
920 792 1016 851 tribus
1035 793 1173 851 sextariis
1235 792 1241 857 Ι

155 883 219 944 vini
248 885 368 960 optimi,
398 884 467 959 post
490 884 683 941 semiunciam
711 884 842 957 optimae
872 882 966 957 aloes,
996 885 1173 941 centaureae
1237 878 1241 937 1

155 974 276 1032 unciam
303 972 331 1047 Ι,
359 970 467 1031 radicis
495 971 617 1047 panacis
649 972 767 1030 unciam
794 971 810 1028 Ι
839 971 1067 1049 diligentissime
1096 973 1173 1029 teres
1236 956 1242 1063 Ι

156 1064 187 1120 ct
206 1062 241 1120 de
260 1059 412 1135 11101110,
435 1062 467 1119 in
487 1079 545 1136 quo
565 1059 646 1119 ebuli
664 1060 777 1120 radices
796 1061 913 1119 infusae
931 1059 1052 1134 fuerint,
1076 1061 1173 1119 sexta-
1237 1080 1241 1095 ·

155 1153 235 1208 rium
261 1152 363 1209 mittes
387 1152 418 1208 et
439 1150 575 1225 tepidum
597 1167 652 1225 per
681 1169 773 1208 cornu
797 1149 890 1208 dabis.
937 1147 1033 1218 Quam
1056 1167 1171 1207 mensu·
1185 1170 1206 1208 ro
1238 1146 1243 1183 ²

155 1258 221 1297 ram
243 1238 344 1297 triduo
368 1239 516 1298 custodire
546 1241 576 1296 te
600 1240 751 1313 convenit,
778 1241 814 1297 ut
840 1239 933 1297 etiam
961 1241 1172 1313 pervenirem

122 1329 203 1391 dhis
222 1327 395 1386 catharticis
414 1328 586 1404 potionibus
605 1327 759 1405 digeratur
780 1327 887 1386 humor
907 1327 1041 1386 infestus.
1080 1325 1173 1396 Quem

157 1417 285 1476 exerceri
308 1415 339 1473 in
363 1434 450 1475 cursu
472 1434 565 1492 usque
589 1415 627 1475 ad
655 1417 776 1492 plenum
804 1418 940 1477 sudorem
963 1417 1081 1493 saepius
1104 1435 1172 1475 con·

155 1507 239 1564 venit
263 1507 293 1563 et
315 1508 450 1564 curatum
479 1505 685 1564 observatione
712 1506 866 1582 praedicta
893 1508 925 1563 in
948 1524 1060 1581 pascua
1082 1507 1173 1577 mitti,

155 1597 190 1653 11
213 1595 261 1654 die
283 1597 432 1670 noctuque
463 1597 576 1654 aestivo
599 1598 732 1672 tempore
759 1594 814 1653 sub
842 1595 911 1655 divo
935 1597 966 1653 et
987 1594 1081 1653 libero
1105 1613 1172 1653 aere
1184 1613 1204 1652 rs

155 1687 308 1760 pascatur,
340 1686 487 1760 quatenus
519 1686 549 1743 et
580 1686 727 1743 varietate
758 1684 917 1743 herbarum
948 1683 1113 1742 oblectatur
1144 1685 1173 1741 et

155 1774 226 1833 solis
254 1774 351 1832 calore
379 1775 507 1832 siccetur
535 1791 696 1848 rursusque
724 1776 820 1833 noctis
850 1791 924 1831 aura
951 1775 981 1831 et
1010 1792 1077 1833 rore
1104 1790 1170 1831 con·

157 1865 257 1921 tactus
280 1862 399 1921 facilius
423 1862 541 1938 digerat
562 1862 707 1921 morbum.

406 2070 482 2147 XV,
507 2069 593 2136 Caro
615 2071 716 2135 morbi
739 2070 921 2136 sacrocolis.

224 2199 396 2260 Subrenalis
419 2198 539 2260 morbus
565 2204 601 2258 ut
622 2198 750 2276 periculi
776 2200 882 2275 plenus
912 2201 969 2273 ost,
997 2197 1203 2258 1111111111

155 2289 352 2368 telligendum
382 2291 586 2366 apertissimus
616 2291 776 2348 invenitur.
821 2289 900 2347 Nam
929 2307 1014 2348 renes
1046 2290 1171 2347 iumenti

228 2483 261 2531 11
281 2477 315 2532 of.
331 2477 404 2532 chir.
420 2494 442 2531 ο.
460 2482 519 2545 111,
535 2482 594 2531 rsa.

228 2644 242 2691 1
262 2637 352 2706 prosa
370 2637 397 2690 1
413 2641 416 2704 ι
433 2636 593 2706 cipressinis
612 2639 640 2692 Ρ
665 2637 669 2708 Ι
695 2653 717 2691 0.
733 2636 903 2690 studendum
921 2637 948 2690 1
965 2601 1102 2701 offensum
1120 2638 1148 2691 A
1161 2639 1170 2706 Ι

157 2707 995 2779 301ΡΙ1111οΑ101101111Ρ11111111.ΡΙΙ41111
1013 2710 1146 2762 101111

156 2779 231 2847 quod
246 2780 272 2833 L
285 2782 294 2848 ΙΙ
309 2784 324 2833 5
344 2798 379 2832 m.
396 2778 561 2832 animalium
575 2780 603 2833 A
617 2778 657 2833 ed.
668 2796 713 2848 pr.
728 2781 737 2849 ΙΙ
752 2786 767 2833 6
781 2779 890 2833 radices
905 2780 966 2834 ΑΡ
976 2779 1106 2833 radicum
1120 2779 1151 2834 F

155 2850 286 2905 infundes
301 2851 327 2904 L
345 2848 463 2919 infanda
477 2850 504 2903 A
522 2848 649 2902 infundis
667 2852 738 2922 cuiq.
765 2855 768 2919 Ι
794 2853 861 2905 sext.
878 2854 912 2904 tr.
928 2852 967 2906 ed.
980 2868 1023 2920 pr.
1038 2853 1048 2920 ΙΙ
1067 2855 1082 2903 'l
1103 2866 1168 2905 sem.

155 2921 279 2990 optimae
288 2938 338 2976 om.
349 2924 383 2987 Ρ,
392 2923 458 2990 post
468 2952 500 2960 —
511 2920 587 2975 aloes
597 2937 647 2975 om.
659 2922 686 2975 L
701 2923 705 2992 Ι
722 2922 797 2993 post]
808 2939 871 2976 cum
881 2923 908 2976 A
924 2922 929 2993 Ι
945 2922 1045 2991 optimi
1055 2923 1120 2977 AF
1130 2923 1167 2976 ed.

151 3010 195 3064 pr.
211 2994 220 3062 ΙΙ
234 2997 250 3046 8
265 2991 435 3062 opopanacis
446 2994 473 3048 A
487 2992 534 3062 (al.
548 2992 652 3047 radicis
666 3010 693 3061 p.
708 2996 812 3065 morpo)
826 2994 866 3048 ed.
877 3012 921 3063 pr.
936 2997 946 3062 ΙΙ
960 2999 993 3047 12
1008 2993 1168 3047 huiusmodi

157 3081 179 3119 c.
189 3064 298 3119 AFed.
305 3081 350 3133 pr.
368 3068 371 3132 Ι
387 3063 424 3117 Et
432 3063 526 3133 ipsum
535 3066 564 3119 P
575 3065 724 3134 ipsumque
734 3065 764 3120 F
775 3069 784 3134 ΙΙ
800 3070 832 3118 13
843 3080 969 3118 exercerc
978 3065 1017 3119 ed.
1025 3082 1071 3133 pr.
1089 3065 1093 3136 Ι
1109 3082 1168 3118 cur·

156 3153 218 3189 sum
235 3135 331 3191 SLM
362 3139 366 3203 Ι
400 3152 511 3205 quoquc
531 3153 592 3204 usq.
608 3137 635 3191 L
654 3152 798 3204 quousque
816 3137 844 3190 A
858 3138 898 3190 ed.
909 3152 953 3204 pr.
978 3151 1066 3204 usquc
1085 3136 1165 3208 ΡΡΙ

156 3207 286 3261 sudorem
303 3207 399 3261 veniat
417 3208 456 3262 ed.
467 3224 512 3276 pr.
529 3209 533 3276 Ι
551 3207 663 3277 saepius
682 3209 795 3276 011ΑΙ
816 3213 850 3261 14
867 3207 963 3260 mittes
981 3208 1009 3261 A
1023 3208 1063 3260 ed.
1076 3225 1121 3276 pr.
1140 3208 1167 3260 in

156 3281 240 3347 pastu
254 3278 384 3332 convenit
392 3280 462 3333 utP
473 3282 482 3349 ΙΙ
497 3284 530 3332 15
544 3282 577 3333 11
588 3295 638 3334 om.
650 3279 713 3333 AF
726 3284 730 3346 Ι
746 3278 796 3331 diu
810 3279 849 3332 ed.
856 3295 900 3347 pr.
910 3278 957 3331 dio
967 3278 994 3331 L
1007 3280 1016 3347 Ι
1032 3283 1064 3331 16
1080 3282 1166 3333 etom.

156 3351 184 3404 A
200 3350 204 3421 Ι
220 3348 376 3403 oblectatur
390 3392 396 3404 .
408 3393 413 3403 .
426 3393 431 3403 .
443 3350 563 3404 siccetur
575 3350 627 3406 SL
642 3348 798 3403 oblectatus
814 3392 819 3402 .
836 3392 841 3403 .
857 3349 978 3402 siccatus
992 3355 1050 3404 cett.
1064 3350 1141 3404 codd.
1159 3351 1168 3421 ΙΙ

158 3425 190 3474 17
204 3437 313 3488 usumq.
328 3439 355 3474 n.
370 3422 396 3473 A
414 3424 418 3490 Ι
435 3436 503 3474 aura
520 3436 611 3475 arore
626 3421 653 3473 L
666 3423 676 3488 ΙΙ
691 3425 723 3472 18
743 3420 768 3473 d.
789 3420 883 3473 cibum
902 3422 930 3474 P

159 3560 165 3574 ·
228 3496 265 3615 tt}
280 3490 413 3616 peiriculis
432 3492 495 3547 AF
506 3491 546 3545 ed.
559 3508 602 3560 pr.
631 3493 636 3561 Ι
660 3489 723 3558 plus
742 3490 764 3545 S
784 3492 794 3558 ΙΙ
816 3496 848 3543 11
869 3490 1027 3545 invenietur
1044 3491 1085 3546 ed.
1097 3509 1142 3560 pr.
1162 3492 1165 3563 Ι

156 3578 251 3615 rumen
266 3579 282 3616 o
