2509 3892
424 154 466 209 De
485 155 637 210 codicibus.
1016 155 1069 209 XV

35 327 148 404 legere
165 324 189 382 Ι.
210 344 239 383 v.
259 324 329 397 Arx,
347 323 543 383 bibliothecae
562 324 634 383 olim
652 323 833 399 praefectust
856 343 952 401 neque
970 327 1071 384 tamen

38 434 113 474 cum
142 414 243 489 ipsum
261 415 436 489 scriptorem
453 433 513 473 non
535 416 760 492 recognosceret
778 415 877 473 omnia
895 417 973 474 recte
996 415 1072 493 legit

38 506 98 562 aut
134 504 300 580 descripsit.
342 500 474 561 Litterae
504 504 597 562 etiam
625 521 706 562 nunc
733 504 845 578 optime
871 502 981 580 ubique
1009 504 1071 563 fere

37 594 201 669 legantur,
224 593 284 651 nisi
302 592 382 667 quod
400 591 448 650 hic
470 592 535 651 illic
552 622 597 632 -
614 592 647 649 in
664 592 765 650 titulis
782 594 972 667 potissimum
990 594 1070 668 capi·

39 682 187 740 talorum
209 679 411 740 —detersae
440 681 602 756 perierunt.
648 681 744 740 Erant
773 683 874 740 autem
903 683 962 741 ista
991 682 1071 759 frag·

40 773 154 830 menta
174 769 285 829 codicis
303 768 412 847 Vegeti
433 769 508 829 folia
525 768 570 827 Vl
588 788 716 845 quorum
738 770 812 829 folia
830 769 876 828 HI
894 775 925 830 et
942 770 987 829 IV
1004 789 1071 831 cum

40 859 287 919 rescriberentur
315 861 429 917 resecta
459 860 529 919 sunt
557 860 602 917 ita
636 861 671 917 ut
700 859 767 934 plus
797 859 921 919 dimidio
951 861 1070 935 periret.

41 947 128 1007 Sunt
151 948 274 1008 litterae
292 948 424 1006 unciales
442 948 641 1033 perelegantis
663 949 777 1008 formae
797 966 888 1023 quam
905 948 964 1006 viri
982 948 1071 1008 huius

39 1040 89 1096 rei
109 1038 208 1113 periti
225 1038 307 1096 sexto
327 1035 497 1096 attribuant
519 1036 645 1097 saeculo.
684 1035 844 1096 (lontinent
862 1037 971 1115 Vegeti
988 1036 1071 1111 111,

42 1129 86 1185 12
103 1125 179 1185 inde
194 1144 213 1185 a
226 1124 325 1185 verbis
338 1127 525 1185 tussientibus
538 1127 583 1185 au
596 1127 826 1202 caesumque
841 1126 880 1186 ad
897 1127 1070 1200 1,17,13..

40 1218 207 1289 patiuutur
235 1216 413 1288 interpositi
435 1258 442 1273 .
464 1260 472 1273 .
493 1259 500 1272 .
521 1214 632 1291 Pag.1
662 1217 693 1274 et
716 1217 735 1273 2
763 1215 850 1275 lineis
877 1216 928 1285 25,
957 1217 1072 1274 ceterae

41 1305 138 1364 lineis
160 1304 201 1362 26
223 1305 308 1362 erant
333 1303 469 1380 scriptae.
509 1303 545 1361 ln
563 1304 623 1362 imo
653 1305 789 1381 margine
815 1304 918 1364 dextro
943 1304 1072 1382 paginae

44 1391 246 1452 duodecimae
260 1392 370 1470 legitur
382 1394 456 1451 nota
470 1392 617 1467 quaedam
633 1394 779 1469 tanquam
793 1411 813 1472 q
820 1388 872 1472 sps,
886 1392 966 1470 quod
979 1395 1070 1453 inter·

44 1485 190 1556 pretatus
217 1484 262 1540 est
283 1500 310 1539 v.
333 1480 396 1539 Arx
419 1473 486 1562 (qui
513 1482 588 1559 legit
609 1474 669 1561 Vl)
688 1484 839 1555 quarrata
856 1487 961 1543 sertus.
1003 1482 1071 1541 Non

46 1574 147 1630 recte:
165 1589 237 1629 narn
250 1569 394 1629 habemus
412 1569 495 1630 illius
514 1570 623 1630 codicis
642 1570 717 1630 folia
729 1570 774 1628 VI
792 1573 824 1628 in
843 1590 970 1648 quorum
988 1574 1071 1631 sexto

45 1659 130 1718 illud
153 1659 300 1734 quidquid
324 1662 368 1718 est
390 1658 567 1718 adnotatum
585 1658 709 1737 legitur:
732 1663 798 1719 erat
815 1661 910 1738 igitur
927 1660 1018 1720 codex
1036 1680 1072 1719 ex

44 1747 284 1807 ternionibus
297 1749 486 1823 compositus.
519 1747 564 1807 Ac
578 1751 680 1823 potuit
698 1767 768 1808 sane
789 1768 877 1826 quem
890 1767 968 1808 nunc
981 1749 1071 1809 habe-

48 1855 118 1897 mus
133 1836 227 1896 fuisse
240 1838 337 1896 ternio
355 1836 472 1911 tertius,
490 1838 516 1896 si
537 1857 692 1896 numerum
707 1839 750 1897 sic
773 1839 913 1898 volumus
926 1841 1071 1915 interpre-

46 1928 126 1986 tari:
141 1925 332 2001 nequeenim
347 1925 419 2001 quid
433 1926 473 1985 sit
486 1926 562 1985 illud
577 1946 596 2002 q
619 1927 761 2002 explicari
774 1930 881 2004 potest
918 1927 954 1986 In
969 1928 1072 1988 eodem

47 2014 126 2074 folio
149 2014 204 2074 sub
219 2013 345 2092 Vegetio
365 2014 503 2092 cognosci
519 2019 645 2090 possunt
658 2016 787 2094 vestigia
804 2019 969 2093 scripturae
987 2022 1072 2077 vetu-

51 2104 206 2164 stissimae
225 2105 367 2179 amsivae,
390 2103 442 2162 sed
466 2123 541 2180 quae
562 2122 641 2162 nunc
660 2108 785 2181 possunt
808 2107 868 2184 legi
892 2103 928 2182 [e.
948 2126 976 2183 g.
989 2108 1072 2179 prid.

50 2191 123 2253 aaa.
145 2186 227 2271 apa]
246 2190 284 2250 ad
312 2196 486 2269 scriptorem
511 2212 640 2270 genusve
666 2193 737 2253 libri
762 2194 958 2272 detegendum
984 2195 1072 2253 nihili

53 2284 137 2342 sunt.
170 2280 313 2341 Eiusdem
326 2284 500 2358 scripturae,
512 2284 549 2340 ut
561 2283 654 2341 Arrio
669 2282 789 2359 quidem
802 2283 968 2358 videbatur,
983 2286 1028 2342 est
1040 2283 1073 2341 id

55 2370 137 2447 quod
159 2372 192 2429 in
216 2370 319 2429 eodem
346 2371 420 2430 folio
444 2370 604 2430 adnotatur
628 2373 719 2447 paulo
742 2391 833 2447 supra
854 2372 932 2430 illud
954 2392 1018 2448 qm
1040 2373 1072 2429 in

53 2460 160 2519 eodem
186 2458 333 2537 margine:
361 2459 513 2535 qXXXII
534 2459 572 2519 de
602 2460 709 2535 quibus
733 2463 917 2520 coniecturas
939 2462 1072 2536 proferre

52 2548 177 2609 inutilez
196 2548 322 2608 fortasse
336 2551 367 2607 et
380 2549 432 2608 ille
446 2567 585 2608 numerus
603 2548 768 2624 particulas
787 2549 897 2609 codicis
910 2549 1071 2609 indicabat.

52 2669 96 2680 -
110 2637 158 2697 De
172 2639 315 2697 ratione
333 2637 471 2697 codicis
489 2637 773 2716 orthographica
791 2639 863 2697 haec
881 2639 944 2698 fere
961 2657 1071 2698 memo-

53 2732 123 2787 ratu
146 2729 219 2787 sunt
242 2725 346 2804 digna:
375 2729 493 2802 saepius
520 2729 555 2785 ut
582 2727 660 2786 solet
686 2727 910 2787 confunduntur
932 2746 947 2787 e
971 2730 1001 2787 et
1023 2748 1071 2788 aa:

55 2834 128 2889 cuae
151 2816 186 2897 (i.
207 2807 325 2897 qeque),
347 2815 499 2885 assidue,
521 2817 671 2888 cottidiae·
693 2820 787 2877 tisana
811 2809 891 2899 (prot
908 2810 1071 2899 ptisanae).

119 2905 190 2964 bet
206 2923 239 2962 v:
263 2906 400 2977 euforbii,
427 2923 501 2965 caea
525 2897 582 2986 (=
600 2899 720 2986 bacca),
747 2908 886 2975 haustas,
913 2908 994 2975 base,
1016 2907 1072 2975 obi,

57 2993 153 3055 utria.
200 2992 322 3069 Semper
344 2993 527 3053 scribuntur:
554 3012 641 3054 umor
664 3000 722 3064 eta,
745 2997 927 3064 absentium,
953 2998 1072 3070 seaapi,

59 3083 166 3152 raterii,
184 3084 305 3143 mune.
345 3082 504 3142 Notandae
522 3083 657 3143 formae
676 3085 859 3163 vulgares:
882 3102 1010 3154 acrama,
1028 3087 1071 3143 ai·

60 3190 123 3231 rum
141 3165 225 3247 (pror
242 3163 348 3253 virus),
367 3174 470 3246 apiura
486 3174 619 3242 viridem,
638 3174 793 3234 cociearem
808 3174 968 3249 praedem
990 3191 1071 3233 con-

61 3262 292 3320 structiones:
319 3261 439 3337 dicatio
466 3263 748 3336 cacuminatur,-
770 3263 806 3322 de
828 3265 977 3331 cerruem,
1006 3280 1072 3321 cura

62 3351 197 3420 farinam,
220 3350 296 3409 acac
319 3350 530 3425 aegritudinem
547 3352 709 3411 laboraretis
732 3354 762 3410 et
786 3352 903 3410 similia.
944 3350 1004 3408 Vix
1027 3370 1070 3407 er·

63 3456 136 3498 rores
155 3436 414 3516 deprehenduntur
431 3440 491 3498 nisi
513 3440 558 3498 hi:
577 3441 649 3514 pius
667 3459 722 3516 pro
736 3441 861 3513 pleaus,·
883 3439 920 3498 ab
938 3457 992 3514 pro
1016 3439 1072 3507 ad‚·

64 3532 91 3585 ut
116 3546 171 3604 pro
200 3532 234 3588 et.
257 3559 299 3569 -
322 3527 357 3586 In
385 3528 606 3588 lectionibus
634 3528 817 3607 gravissimis
845 3526 936 3584 codex
959 3525 979 3582 S
1003 3542 1071 3581 con·
