2509 3892
623 165 757 219 vacam

505 401 650 465 CXVII.
674 400 723 464 De
746 402 873 464 comica.

73 524 218 619 ξξζζξζηω
265 530 406 590 Vomicae
428 532 604 606 plerumque
627 530 807 589 animalibus
828 534 991 589 nascuntur
1014 531 1186 588 intrinsecus.

221 619 314 679 Cuius
337 620 484 696 passionis
511 621 570 679 ista
593 622 663 678 sunt
685 621 784 696 signa:
814 638 882 677 curn
908 619 1092 685 accubuerit,
1120 618 1188 676 diffi-

183 711 239 768 cile
262 713 376 786 surget,
399 728 432 768 os
456 712 484 767 ei
506 712 640 787 graviter
663 708 769 782 olebit,
795 708 948 766 incumbet
970 710 1002 764 in
1026 727 1062 766 eo
1084 710 1189 781 loco‚a

184 819 243 874 quo
261 802 394 872 vexatur,
413 799 528 872 tussiat,
550 798 744 874 purulentum
763 798 855 855 etiam
873 796 1023 856 excreabit
1041 797 1188 855 interdum.
1208 815 1215 850 s
1235 853 1240 866 ,

183 889 271 947 {liniis
289 887 389 946 drach.
409 888 448 961 IL
468 888 678 946 aristolochiae
697 887 796 945 drach.
815 886 847 943 Π
865 889 898 945 in
917 906 1008 944 unum
1027 886 1189 957 contundes,

183 997 250 1035 cum
273 979 343 1035 vino
366 978 516 1052 tepefacto
538 996 592 1052 por
615 996 701 1036 nares
724 976 848 1052 digeres.
893 976 971 1035 Item
994 976 1116 1034 sulfuris
1137 975 1189 1032 vivi

181 1067 279 1125 drach
294 1066 333 1140 Π,
349 1066 559 1125 aristolochiae
574 1084 702 1124 semunc.
722 1064 862 1124 similiter
875 1065 969 1123 dabis.
1012 1062 1085 1123 cibo
1099 1067 1188 1123 autem

181 1158 309 1214 maxime
333 1155 543 1214 sustentandus
568 1158 621 1229 est,
645 1157 680 1212 ut
699 1154 810 1212 habeat
832 1156 951 1229 corpori
974 1155 1187 1212 nutrimentum.

183 1244 256 1303 Gum
283 1246 399 1319 ruperit
421 1246 583 1318 vomicam,
613 1244 753 1302 cauteriis
777 1245 856 1301 circa
885 1246 991 1318 pectus
1014 1242 1133 1315 adures,
1160 1245 1215 1298 utu

180 1334 299 1392 facilius
321 1337 500 1408 provocatus
522 1333 630 1391 humor
653 1335 778 1391 emanet.

478 1541 641 1605 CXVIII.
664 1540 715 1604 Dc
736 1542 901 1622 conopico.

73 1665 218 1759 ξξξξξζξ)
263 1670 366 1729 Passio
390 1674 448 1744 est,
479 1690 569 1746 quam
592 1669 700 1729 Graeci
727 1671 922 1729 ccedermiam
945 1674 1067 1744 vocant,
1094 1670 1184 1728 Latini

220 1761 401 1836 coriaginem
424 1761 586 1836 appellant.
635 1759 725 1818 Cuius
743 1762 803 1818 ista
824 1763 896 1819 sunt
913 1762 1014 1836 signa:
1044 1761 1182 1828 macescet,

180 1851 243 1907 sine
265 1849 347 1907 febre
365 1868 425 1907 non
444 1851 509 1916 erit,
533 1851 647 1907 corium
670 1849 750 1908 illius
769 1849 904 1907 haerebit
922 1849 961 1907 ad
979 1853 1085 1922 costae,
1107 1849 1181 1923 spina
1192 1866 1212 1903 u

180 1938 214 1996 fit
236 1937 346 2012 durior,
369 1940 402 1996 in
424 1938 511 1997 dorso
535 1940 598 1996 eius
617 1957 831 2013 nonnunquam
854 1938 1008 1997 furunculi
1026 1940 1104 1996 exire
1125 1954 1181 1994 con·

146 2031 164 2086 2
181 2029 350 2101 sueverunt,
368 2028 464 2104 magis
483 2029 575 2085 etiam
594 2047 683 2101 quam
703 2027 819 2085 solebat
840 2029 956 2103 appetit
974 2026 1064 2086 cibos.
1105 2024 1182 2084 Cuius

180 2120 239 2176 ista
262 2118 376 2175 curatio
400 2120 458 2176 est:
480 2116 618 2191 thymum
638 2119 668 2173 et
690 2117 767 2175 sales
790 2135 858 2174 cum
876 2116 945 2175 vino
965 2114 1082 2175 Falisco
1102 2114 1182 2172 rubro

180 2209 313 2265 conteres
336 2209 367 2263 et
388 2205 503 2279 tubera,
526 2208 553 2263 si
575 2224 637 2279 qua
654 2208 686 2263 in
710 2207 773 2265 eius
797 2208 867 2263 sunt
888 2223 1018 2280 corpore,
1043 2205 1182 2264 confricat.

179 2296 304 2354 Parabis
327 2297 419 2352 etiam
449 2295 541 2353 aliam
570 2295 754 2352 unctionem:
784 2296 894 2370 picem,
925 2311 1036 2370 ceram,
1065 2295 1211 2352 resinama

251 2506 267 2552 2
287 2498 361 2553 Chir.
376 2516 398 2552 c.
415 2506 474 2553 384.
550 2505 582 2551 13
602 2497 677 2551 Chir.
692 2515 714 2551 c.
730 2503 791 2551 404.

251 2702 267 2747 4
286 2697 408 2764 resurgit
427 2697 454 2749 P
465 2700 503 2764 115
523 2695 671 2749 vexabitur
689 2695 729 2748 ed.
741 2711 786 2763 pr.
804 2696 832 2748 A
847 2698 851 2763 Ι
868 2696 897 2747 et
915 2711 975 2763 pur.
993 2711 1034 2747 ex.
1050 2695 1090 2748 ed.
1102 2711 1142 2763 pr.
1160 2693 1184 2743 ct

180 2766 346 2835 purulentus
361 2767 532 2820 excreaven't
546 2767 563 2820 i.
579 2769 607 2820 A
621 2769 735 2820 excreat
749 2766 794 2819 cui
807 2767 879 2820 haec
894 2766 931 2819 da
942 2766 970 2819 P
981 2768 991 2835 ΙΙ
1005 2770 1021 2817 6
1036 2768 1057 2818 t.
1077 2760 1184 2834 mugil

181 2840 207 2892 L
225 2855 287 2890 unc.
302 2836 329 2889 Π
348 2838 387 2890 cd.
401 2856 443 2905 pr.
459 2838 520 2893 AP
547 2842 551 2906 Ι
583 2855 621 2891 ar.
638 2838 712 2890 drac.
726 2837 753 2890 Π
771 2838 797 2891 L
815 2854 877 2890 unc.
893 2836 919 2889 Π
936 2838 977 2891 cd.
988 2854 1034 2905 pr.
1050 2839 1078 2891 A
1095 2852 1153 2888 unc.
1166 2851 1183 2885 r.

180 2909 323 2977 pulveriza
337 2910 365 2963 P
381 2912 430 2976 qui
446 2911 553 2978 reliqua
567 2927 651 2977 usque
670 2910 708 2963 ud
726 2914 742 2962 8
762 2908 843 2961 dabis
862 2926 912 2962 om.
938 2911 942 2977 Ι
967 2908 998 2961 in
1015 2925 1073 2962 uno
1092 2924 1151 2960 cum
1163 2922 1183 2956 v.

181 2981 221 3034 ed.
235 2997 276 3048 pr.
292 2980 322 3032 in
340 2998 427 3032 unum
451 2997 515 3033 cum
533 2999 556 3033 v.
572 2982 600 3034 A
640 2983 650 3049 ll
690 2985 707 3034 8
727 2980 804 3049 drag.
819 2979 845 3031 Π
858 2981 885 3034 L
902 2996 964 3032 unc.
980 2979 1005 3031 H
1024 2980 1065 3033 ed.
1080 2996 1122 3048 pr.
1138 2978 1162 3031 A
1179 2975 1182 3044 l

181 3067 302 3105 semunc.
311 3053 337 3105 L
347 3068 408 3103 unc.
420 3052 503 3105 semis
513 3053 552 3106 eoi.
559 3070 604 3119 pr.
613 3053 641 3105 A
657 3054 661 3120 t
678 3051 809 3104 similiter
818 3068 868 3105 om.
878 3053 905 3104 A
919 3059 927 3111 l
942 3055 957 3102 9
968 3050 1092 3119 corporis
1101 3050 1138 3104 cd.
1147 3065 1183 3115 pr.

181 3126 208 3177 A
227 3122 290 3175 cibo
309 3122 430 3175 maxime
445 3126 572 3176 sustenta
586 3126 619 3176 ut
632 3123 774 3176 nutriatur
788 3124 816 3176 P
827 3125 836 3193 ΙΙ
851 3128 884 3175 10
903 3124 932 3175 et
947 3137 1009 3174 cum
1024 3123 1064 3176 cd.
1076 3140 1119 3190 pr.
1134 3119 1186 3174 ΑΡ

253 3200 285 3246 12
305 3194 449 3262 cortagine
468 3195 494 3248 L
513 3195 644 3248 cardiaca
662 3197 690 3248 P
719 3196 728 3263 ΙΙ
762 3200 793 3244 13
812 3193 906 3263 passio
925 3210 975 3247 om.
991 3195 1019 3246 A
1049 3197 1053 3262 Ι
1082 3197 1124 3247 est
1140 3208 1183 3244 oa.

180 3267 220 3319 ed.
233 3283 269 3333 pr
292 3267 370 3333 ΑΡΙ
387 3265 571 3332 epidermiam
585 3267 612 3319 L
631 3265 810 3319 ecidermiam
825 3267 853 3318 A
872 3264 1032 3318 cardiacam
1051 3267 1098 3333 Pu
1113 3269 1143 3316 lo
1160 3263 1184 3314 et

181 3337 240 3389 sine
259 3337 298 3389 ecl.
310 3353 354 3402 pr.
371 3336 398 3388 A
413 3337 417 3402 Ι
434 3334 601 3388 adhaerebit
618 3336 704 3389 costis
718 3337 757 3389 ed.
769 3353 814 3403 pr.
829 3337 857 3389 A
877 3339 881 3403 Ι
901 3335 990 3403 pinna
1008 3353 1043 3391 ex
1059 3335 1125 3404 pina
1137 3335 1161 3387 L
1175 3333 1184 3400 lt

182 3412 213 3457 17
234 3422 319 3473 quam
338 3406 505 3458 adsueverat
522 3406 562 3458 ed.
576 3424 618 3472 pr.
633 3422 683 3460 ora.
699 3408 727 3461 A
746 3422 831 3475 quam
850 3406 1027 3460 consueverit
1045 3408 1092 3476 Ρη
1110 3410 1141 3459 18
1158 3405 1183 3456 et

181 3476 254 3529 sales
273 3493 322 3528 one.
339 3478 373 3538 L,
392 3476 471 3528 habet
488 3477 570 3528 etiam
590 3477 662 3530 Chr'r.
679 3480 683 3544 Ι
700 3476 810 3530 Falisco
825 3478 859 3542 L,
878 3494 928 3532 ora.
943 3478 1015 3547 vulg.
1030 3482 1040 3547 ΙΙ
1058 3483 1091 3531 19
1108 3477 1136 3529 in
1153 3489 1181 3528 oo

181 3549 247 3597 sunt
265 3545 351 3598 confr.
367 3545 406 3598 ed.
419 3562 462 3612 pr.
478 3546 539 3598 AP
552 3546 624 3599 Obe'r.
