2509 3892
478 146 521 200 De
539 146 719 201 editionibus.
1054 148 1107 202 Vll

13 392 19 395 Α
83 315 201 374 erravit
218 316 266 373 vir
293 314 409 376 doetus:
437 334 533 391 usque
557 317 637 373 enim
657 316 719 375 illis
740 315 837 375 verbis
863 317 970 392 quibus
994 336 1104 395 magna

12 468 26 475 ,,
82 423 156 481 pars
181 403 428 464 Schneiderisnae
452 406 719 481 argumentationis
742 405 791 463 vel
812 406 879 465 tota
901 406 1017 480 nititur,
1041 409 1104 485 agi·

12 494 38 503 ⁹
82 497 136 552 tur
151 494 189 552 da
205 493 333 551 exordiis
348 492 499 552 librorum.
529 492 584 552 Ait
600 495 681 551 enim
694 491 850 572 vegetius:
863 497 963 568 priore
980 496 1062 569 ampl
1091 528 1103 538 -

11 651 21 673 f
82 586 177 642 tbnur
199 582 274 641 libro
295 586 372 641 11111
393 583 513 656 facilius
530 585 716 655 reperiente
738 601 812 657 qaae
831 586 865 642 111
887 585 1013 643 mediis
1030 587 1104 658 ipsis

11 678 21 745 Ῐ
81 675 243 732 emmens
280 669 392 740 Quodsi
406 670 578 730 Schneideri
591 673 869 747 interpretationem
883 675 1022 748 sequeris,
1036 692 1104 733 con·

11 766 28 835 ᾗ
80 762 215 821 marium
228 759 357 820 eveniet:
371 778 466 835 neque
481 762 559 819 enim
568 760 712 838 Vegetius
725 780 761 819 oa
774 762 871 837 primo
885 760 962 820 libro
975 763 1103 839 amplec-

80 852 208 923 teretur,
222 849 273 908 sed
286 848 423 923 secundo,
438 867 505 907 cum
518 881 563 891 —
577 847 750 909 Schneideri
765 849 885 925 quidem
899 851 1046 910 sententia
1060 882 1103 894 -

80 939 280 1017 intellegatur
297 937 418 997 initium
434 938 506 997 libri
525 938 654 1013 secundi,
672 939 705 997 id
722 941 768 998 est
785 938 800 996 I
816 940 866 998 29.
905 939 986 998 Nam
1004 942 1031 998 si
1048 941 1104 999 hoc

10 1024 12 1029 ⁴
82 1029 211 1088 dixisset
233 1027 376 1106 Vegetius
401 1022 454 1086 ‘Ut
485 1030 551 1103 quis
580 1027 699 1086 facilius
726 1028 874 1101 inveniat,
901 1030 1002 1087 omnia
1028 1029 1104 1088 talia

82 1119 185 1195 primo
207 1115 316 1195 collegi
337 1115 427 1175 libro:
449 1134 520 1174 nam
543 1117 574 1174 iu
593 1116 721 1177 exordiis
745 1135 822 1192 quae
844 1118 914 1177 sunt
936 1119 1036 1195 posita
1058 1117 1103 1177 fa·

10 1198 19 1211 ‘¹
84 1207 174 1266 cilius
197 1200 407 1280 reperiuntur',
430 1205 624 1264 nullomodo
651 1205 698 1265 his
721 1206 819 1265 verbis
842 1207 874 1265 id
895 1206 1027 1267 indicare
1050 1226 1103 1282 po-

9 1286 11 1293 ’
81 1297 147 1355 tuit
171 1294 250 1370 quod
269 1293 447 1353 Schneidero
466 1294 623 1354 videbatur
641 1295 770 1354 voluisse
789 1296 962 1370 exprimere,
984 1296 1048 1355 scil.
1072 1313 1102 1355 se

9 1394 29 1405 ⁴
81 1384 148 1442 alia
174 1401 326 1443 reservare
353 1384 450 1458 primo
476 1382 566 1459 libro,
597 1383 671 1458 alia,
700 1384 736 1442 ut
762 1384 879 1444 facilius
908 1386 1103 1460 reperiantur,

9 1464 11 1467 ’
79 1474 174 1532 initio
204 1472 274 1531 libri
303 1471 432 1532 secundi.
480 1472 549 1531 Non
579 1492 648 1550 ergo
678 1473 733 1532 hoe
761 1473 827 1532 1000
857 1474 909 1551 agi
937 1476 1037 1550 potest
1065 1473 1102 1532 de

81 1561 214 1621 exordiis
235 1561 393 1636 librorum,
421 1563 493 1637 quia
516 1561 645 1621 absurda
668 1564 768 1621 evenit
790 1564 951 1638 sententia,
977 1562 1102 1640 indigna

8 1658 10 1661 ’
80 1653 188 1711 nostro
211 1650 367 1726 scriptore,
395 1667 455 1710 non
477 1651 530 1709 illo
554 1650 674 1726 quidem
696 1653 844 1727 sapiente,
871 1653 1027 1711 attamen
1050 1653 1103 1727 qui

80 1740 216 1799 voluerit
238 1740 281 1799 eis
304 1757 378 1815 quos
398 1739 527 1799 lecturos
550 1757 613 1798 esse
631 1740 729 1798 voluit
754 1742 855 1799 omnia
877 1759 967 1816 quam
990 1741 1102 1816 optime

82 1829 228 1907 digerere.
273 1828 350 1887 Mihi
373 1827 492 1904 quidem
514 1846 575 1887 non
597 1827 722 1887 dubium
745 1832 790 1889 est
813 1828 885 1904 quin
907 1830 996 1907 longe
1019 1830 1102 1889 aliud

81 1921 153 1978 istis
177 1917 274 1977 verbis
297 1919 473 1993 expresserit
496 1920 611 1976 auctor:
635 1917 690 1977 hoc
714 1920 793 1977 enim
816 1918 920 1992 voluit,
943 1938 980 1977 ne
1003 1920 1101 1998 legen-

80 2007 166 2067 tibus
184 2006 319 2066 taedium
337 2006 466 2065 adferret
484 2006 594 2065 coactis
612 2025 712 2066 errare
730 2027 784 2083 per
800 2007 915 2081 titulos,
936 2027 997 2067 uno
1016 2008 1101 2083 libro,

80 2099 196 2173 primo,
226 2097 384 2171 complecti
407 2113 442 2155 ea
469 2095 570 2153 omnia
597 2115 674 2171 quae
702 2098 735 2155 in
764 2097 891 2157 exordiis
913 2096 988 2173 ipsis
1010 2116 1101 2156 mor-

81 2186 210 2245 borum
232 2187 419 2244 occurrerent
437 2187 467 2243 et
490 2186 594 2263 signa
617 2188 648 2243 et
665 2186 835 2260 remedia,
858 2189 892 2245 ut
914 2185 1032 2245 facilius
1055 2205 1102 2246 cc·

84 2275 191 2352 gnosoi
207 2276 329 2349 possent
347 2292 381 2332 ac
399 2274 512 2349 sanari,
535 2273 705 2350 eisdemque
722 2275 784 2334 fera
802 2274 899 2334 verbis
918 2292 992 2351 opus
1015 2293 1102 2334 suum

81 2363 154 2422 finit
177 2354 221 2442 (3,
242 2365 293 2437 27,
312 2355 347 2443 9)
370 2362 480 2421 iterum
507 2363 675 2439 iterumque
701 2382 889 2423 commonens
916 2368 950 2422 ut
971 2364 1102 2438 diligenti

83 2470 160 2512 mera
177 2452 353 2525 passionum
374 2456 545 2511 oceumutar
571 2445 746 2533 1101111111
773 2471 845 2511 amn
874 2454 961 2511 111011
983 2454 1101 2512 incere-

83 2542 154 2600 1111
177 2540 430 2615 separatiores
447 2545 624 2614 praeventae
646 2543 770 2614 fumat,
792 2541 931 2600 medentis
954 2545 1015 2600 arte
1037 2543 1101 2600 1111-

83 2633 201 2689 norw.
246 2629 428 2689 1111111111
446 2647 553 2689 musae
577 2633 665 2689 111111
687 2631 788 2704 faciles
811 2632 913 2691 cerari
934 2647 1020 2704 saepe
1041 2648 1102 2689 noe

78 2722 215 2794 possunt.
257 2716 412 2778 Cietiam
437 2720 535 2792 1,56,
557 2722 584 2778 1.

153 2807 259 2883 Neque
288 2808 344 2867 hoc
370 2810 450 2867 recte
479 2808 646 2883 disputavit
674 2808 722 2868 vir
748 2808 867 2882 doetus,
897 2808 1025 2868 discerni
1046 2810 1100 2869 illo

83 2898 152 2956 loco
175 2888 221 2977 (1,
232 2897 283 2971 29,
295 2899 311 2954 1
324 2922 367 2945 =
378 2899 406 2972 2,
420 2901 475 2972 1,1
493 2890 594 2978 Schn.)
613 2898 692 2956 inter
713 2897 809 2957 morbi
832 2898 922 2957 malei
940 2917 1048 2976 genera
1070 2902 1102 2958 et

84 3004 121 3045 ea
146 3004 222 3061 quae
245 2988 418 3061 sequuntur,
441 2985 611 3045 difficiliora
633 2986 688 3045 illa
709 2986 808 3045 minus
828 2987 997 3062 periculosa
1018 2988 1100 3047 haec.

83 3075 165 3134 Nam
184 3074 290 3134 febrim
304 3094 423 3152 quoque
440 3076 519 3133 inter
533 3076 651 3135 morbos
666 3074 908 3135 damnosissimos
922 3095 985 3136 esse
999 3096 1100 3136 numa·

83 3163 212 3224 rendam
230 3165 293 3239 ipse
312 3164 414 3241 prodit
427 3163 528 3223 eodem
543 3167 641 3241 capite
662 3159 695 3243 [ἓ
711 3161 759 3240 2]:
782 3165 986 3224 Febrieetibes
1003 3168 1101 3239 itaque

84 3248 174 3333 [nota
200 3246 311 3331 itaque]
335 3255 514 3313 0111111111
535 3256 670 3327 primum
697 3256 828 3313 conuenit
850 3255 1004 3314 subvenire
1027 3247 1060 3332 [1.
1075 3272 1099 3312 e.

82 3345 117 3402 in
140 3341 267 3402 11011119
294 3336 533 3421 1111011111·
559 3361 631 3402 aem
655 3359 715 3401 aee
741 3344 870 3416 amplius
892 3360 981 3417 quam
1003 3342 1100 3402 triduo

159 3531 186 3600 1)
205 3527 261 3583 Ubi
280 3529 369 3583 codex
386 3527 407 3580 L
422 3531 600 3598 passioribus
618 3535 778 3584 comeretur
796 3529 827 3580 111
845 3526 972 3581 recrees.
