2509 3892
492 144 534 198 De
552 144 732 198 editionibus.
1067 144 1120 199 vn

96 315 213 373 erravit
231 315 279 372 vir
306 312 423 374 doctus:
450 332 546 388 neque
570 315 650 371 enim
671 315 732 373 illis
753 313 850 373 verbis
876 313 983 390 quibus
1007 333 1118 392 magne

95 422 170 480 pars
194 402 441 462 Schneideriunne
465 403 732 479 argumentationis
755 403 803 461 vel
825 405 892 462 tots
914 404 1030 477 nititur,
1054 405 1117 481 sgi-

95 497 150 551 tnr
165 492 202 551 de
218 491 347 550 exordiis
362 491 513 550 librorum.
543 492 597 549 Ait
613 493 694 549 enim
707 488 863 569 vegetius:
876 495 976 565 primo
994 493 1117 565 amplae-

96 585 191 641 timur
213 581 287 640 libro
309 584 343 639 ut
359 585 386 639 at
407 582 526 655 faritius
544 583 730 653 reperiuntur
751 598 826 654 quae
845 583 878 640 iu
901 582 1026 640 auordiis
1043 584 1117 654 ipsis

96 674 257 730 occurram.
294 669 406 739 Quodsi
420 669 591 728 Schneideri
604 671 883 745 interpretationem
897 672 1035 746 sequeris,
1050 688 1117 729 oon·

95 761 228 819 trurium
242 758 371 818 eveniet:
384 776 479 834 neque
495 760 573 818 enim
581 758 725 836 Vegetius
739 778 774 817 en
788 759 884 835 primo
898 758 975 817 libro
989 759 1117 836 amplea·

96 852 222 922 teretur,
236 848 287 907 sed
300 846 437 921 seeundo,
451 865 518 906 aum
532 879 576 889 -
591 847 764 908 Schneideri
779 846 899 923 quidem
913 848 1059 906 sententis
1074 878 1116 889 -—

97 937 294 1016 intellegetur
311 936 432 996 initium
449 937 520 996 libri
539 937 668 1011 secundi,
686 936 718 995 id
736 937 781 995 est
798 936 879 995 129.
919 936 950 994 N
951 955 999 994 am
1018 938 1044 995 si
1061 937 1117 995 hoa

98 1028 224 1087 dixisset
246 1026 390 1104 Vegetius
415 1021 468 1084 ‘Ut
498 1028 564 1101 quis
594 1025 713 1083 fsoilius
739 1025 887 1099 inveniat,
915 1026 1016 1083 omnia
1041 1025 1117 1084 talia

98 1117 199 1193 primo
222 1115 330 1193 collegi
352 1114 440 1173 libro:
463 1133 534 1172 narn
556 1115 588 1172 in
607 1113 735 1174 exordiis
759 1132 835 1189 quoe
858 1116 928 1173 sunt
950 1116 1050 1191 positu
1072 1113 1116 1171 fu·

100 1205 189 1264 cilius
211 1199 421 1279 reperiuntur',
443 1204 526 1262 nullo
549 1204 638 1262 modo
665 1203 712 1262 his
735 1203 833 1262 verbis
855 1203 887 1263 id
909 1202 1041 1262 indiosre
1064 1222 1116 1278 po·

98 1295 163 1355 tuit
186 1292 264 1369 qnod
284 1291 461 1351 Schneidero
479 1292 638 1352 videbatur
655 1292 784 1351 voluisse
803 1294 975 1368 exprimere,
998 1293 1062 1351 soil.
1086 1309 1116 1351 ee

98 1383 163 1441 alis
189 1400 341 1442 reservare
367 1383 464 1457 primo
490 1380 580 1457 libro,
611 1382 685 1456 elis,
715 1383 749 1439 ut
776 1381 893 1441 facilius
923 1383 1117 1457 reperientur,

96 1473 188 1530 initio
219 1470 288 1529 libri
318 1469 446 1530 secundi.
494 1470 562 1529 Non
593 1490 662 1548 ergo
691 1470 747 1530 hoe
776 1471 842 1529 loao
871 1472 923 1548 agi
951 1472 1051 1548 potest
1079 1469 1116 1528 de

98 1560 228 1621 exordiis
249 1560 408 1635 librorum,
435 1561 507 1634 quis
530 1559 659 1618 absurda
682 1561 781 1618 evenit
804 1561 965 1635 sententia,
991 1559 1116 1636 indigna

98 1652 203 1710 nostro
225 1649 382 1725 scriptore,
410 1666 468 1707 non
491 1649 544 1707 illo
568 1649 688 1723 quidem
711 1649 858 1725 sapiente,
885 1651 1041 1707 attamen
1065 1648 1117 1723 qui

98 1738 231 1798 voluerit
253 1738 296 1797 eis
319 1755 392 1813 quos
412 1738 541 1796 leaturos
565 1756 627 1796 esse
645 1738 743 1796 voluit
768 1739 981 1813 amnisquam
1004 1737 1116 1813 optime

99 1829 242 1906 digerere.
287 1826 365 1885 Mihi
387 1826 506 1901 quidem
529 1844 589 1885 non
612 1825 736 1884 dubium
759 1829 805 1886 est
827 1825 900 1902 quin
922 1827 1010 1903 longe
1033 1826 1116 1885 uliud

98 1919 167 1976 istis
192 1915 288 1975 verbis
312 1917 488 1991 expresserit
510 1918 626 1974 auctor:
649 1915 705 1975 hoa
729 1918 807 1973 enim
830 1916 935 1989 voluit,
957 1934 994 1973 ne
1017 1916 1115 1993 legen·

98 2006 181 2066 tibus
199 2005 333 2064 taedium
352 2005 480 2063 adferret
499 2004 608 2063 coeatis
627 2023 727 2063 errare
744 2025 798 2081 per
815 2004 929 2077 titulos,
951 2023 1012 2063 uno
1031 2003 1116 2078 libro,

97 2097 210 2171 primo,
241 2094 399 2169 complesti
421 2112 456 2152 es
484 2093 584 2152 omnia
612 2113 688 2168 quse
717 2095 749 2151 in
779 2093 905 2153 exordiis
928 2093 1002 2169 ipsis
1025 2112 1116 2152 mor-

98 2185 224 2244 borum
247 2185 433 2242 oaaurrerent
451 2186 482 2242 et
504 2185 608 2260 signa
632 2184 662 2241 et
679 2183 849 2258 remedia,
872 2185 907 2241 nt
929 2180 1047 2240 facibus
1070 2200 1117 2241 ao·

100 2274 205 2352 gnossi
222 2275 344 2348 possent
362 2291 396 2331 so
414 2272 526 2348 sundri,
550 2272 719 2347 eisdemque
737 2272 799 2331 fere
816 2271 914 2330 verbis
933 2289 1007 2347 opus
1030 2290 1117 2330 suum

97 2362 168 2421 finit
191 2354 237 2442 (3,
256 2363 308 2435 27,
328 2353 362 2441 9)
384 2361 495 2419 iterum
521 2361 690 2436 iterumque
716 2378 904 2419 commonens
930 2365 965 2418 at
986 2360 1116 2434 diligenti

99 2469 174 2511 aura
191 2451 368 2524 passionum
389 2454 560 2509 oaeurratur
586 2442 761 2530 exordiis¹):
788 2467 860 2508 uara
889 2451 976 2507 etiam
998 2451 1116 2508 iurara-

98 2542 168 2600 aare
191 2540 396 2614 aegritudines,
417 2542 445 2599 si
462 2543 639 2612 praenestae
661 2540 785 2611 fuerint,
807 2538 946 2597 madeuiis
968 2541 1030 2595 arie
1052 2539 1116 2596 aiu·

98 2632 216 2689 amur.
261 2628 443 2687 quatarataa
461 2645 567 2686 causae
592 2630 680 2686 adam
702 2628 803 2700 faciles
826 2629 928 2686 curaui
948 2643 1035 2700 saepe
1056 2643 1116 2684 uaa

94 2721 230 2793 possut.
272 2715 316 2776 Of.
335 2719 427 2776 etium
452 2720 480 2790 1,
500 2718 551 2790 56,
572 2720 599 2774 l.

168 2806 275 2882 Neque
304 2807 360 2865 hoo
386 2808 465 2865 reete
495 2805 661 2881 disputavit
689 2805 737 2865 vir
763 2806 882 2880 doctus,
912 2805 1040 2864 discerni
1061 2805 1115 2864 illo

99 2897 166 2956 looo
190 2887 609 2977 (1,29,1=2,1,1Smn.)
628 2895 707 2954 inter
728 2894 825 2954 morbi
847 2895 937 2954 melei
955 2913 1063 2972 genera
1085 2896 1116 2953 et

101 3004 137 3044 es
161 3003 237 3061 quse
260 2987 433 3060 sequuntur,
457 2983 626 3042 difficiliora
648 2983 704 3043 illa
724 2983 824 3042 minus
843 2984 1011 3059 periculosa
1033 2984 1115 3042 husa.

101 3075 180 3132 Nam
198 3072 305 3132 febrim
319 3092 438 3149 quoque
456 3074 536 3130 inter
549 3073 667 3131 morbos
682 3072 923 3131 damnosissimos
937 3065 1000 3131 ess'e
1013 3091 1115 3131 nume·

101 3161 227 3222 randum
245 3164 309 3237 ipse
327 3162 429 3239 prodit
442 3160 544 3220 eodem
559 3164 657 3237 aspite
677 3156 710 3240 [ἓ
726 3159 774 3238 2]:
797 3162 1001 3221 Febrieutibus
1018 3163 1116 3234 itaqua

103 3246 189 3330 [notu
215 3244 326 3330 itaqua]
351 3252 529 3312 animalibus
551 3253 686 3323 primum
713 3253 843 3310 aoaaauit
866 3251 1019 3311 subuenire
1042 3243 1075 3327 [i
1091 3267 1114 3307 e.

103 3342 135 3399 iu
156 3341 283 3401 samatus
309 3333 549 3418 aaaurreudum];
575 3358 647 3399 uam
670 3356 730 3398 uoa
757 3341 885 3413 amplius
907 3356 996 3411 quam
1018 3337 1115 3396 triduo

176 3531 201 3598 1)
221 3527 277 3582 Ubi
296 3528 384 3582 codex
401 3526 423 3579 L
437 3528 616 3596 passionibus
634 3531 793 3580 evomatur
812 3526 843 3577 iu
861 3521 988 3577 exordiis.
