2509 3892
453 193 592 248 MVLOM.
612 195 624 246 Ι
644 200 677 247 16
1028 192 1071 257 89

68 364 154 421 densa
182 365 250 422 tutu
283 368 309 421 et
335 364 433 421 dcutro
460 365 570 421 iactatu
596 363 736 420 recumbit
762 363 796 420 c'rc
824 379 914 420 euno.
961 361 1073 431 Quodsi

67 452 185 512 bicomis
209 453 296 511 firerit
319 451 399 527 quod
421 452 530 528 vulgus
550 452 692 527 appellat,
715 450 829 508 mediae
848 451 970 509 cervicis
993 452 1072 509 setas

67 541 225 615 aqualiter
242 543 361 618 oportet
383 541 509 614 attondi,
530 542 576 598 ita
593 543 628 598 ut
646 543 710 598 tam
728 540 824 598 dextri
847 558 936 615 quarn
959 541 1073 599 sinistri

65 630 165 689 limitis
190 632 363 689 continuata
390 630 477 689 series
500 629 587 688 iubae
612 630 800 704 relinquatur
822 630 944 687 intacta.
986 629 1073 698 Quod
1087 632 1127 688 37

44 718 252 778 rnihilominns
270 720 426 777 inventurn
444 722 561 778 constat
579 738 597 776 a
615 717 743 792 Parthis,
766 717 872 793 quibus
892 717 1071 776 consuetudo

66 810 108 865 est
142 828 285 883 equorum
321 826 437 884 gressus
469 806 507 866 ad
541 808 662 866 delicias
694 807 880 865 dominorum
915 807 971 864 hac
1008 809 1072 865 arte

65 897 189 955 mollire:
215 897 377 956 nonenim
404 897 522 955 circulis
550 898 641 971 atque
667 895 845 971 ponderibus
872 897 1073 972 praegravant

66 1001 159 1061 crura,
189 990 223 1044 ut
244 987 366 1045 tolutim
393 985 546 1044 ambulare
574 984 759 1056 condiscant,
789 985 838 1044 sed
868 987 948 1060 ipsos
972 1003 1072 1058 equos,

67 1093 133 1148 qnos
161 1077 250 1153 vulgo
278 1075 457 1150 trepidarios
487 1074 613 1133 militari
636 1074 725 1133 verbo
753 1076 932 1132 tottonarios
954 1074 1072 1147 vocant,

35 1181 55 1218 u
65 1161 104 1220 ita
112 1164 251 1223 edomant
261 1164 300 1222 ad
308 1164 462 1222 levitatem
473 1166 503 1221 et
513 1163 659 1238 quaedam
666 1162 869 1221 blandimenta
881 1165 1027 1229 vecturae,
1037 1164 1072 1220 ut

66 1254 264 1312 asturconibus
288 1254 400 1311 similes
418 1251 584 1311 rideantur.
625 1251 662 1309 In
678 1253 755 1311 sicco
773 1252 877 1327 itaque
894 1252 1070 1326 aequalique
1086 1254 1128 1311 38

66 1340 156 1399 soloL
170 1361 275 1417 passus
289 1344 322 1399 in
335 1342 458 1419 longum
472 1344 502 1400 et
511 1341 539 1398 V
548 1342 580 1399 in
593 1341 690 1399 latum
703 1341 800 1416 plenis
810 1340 911 1399 cofinis
926 1340 1071 1417 digeritur

66 1448 113 1502 per
121 1432 239 1490 ordines
249 1433 339 1505 creta,
347 1430 385 1489 ad
394 1430 620 1490 similitudinem
631 1430 729 1505 stadii,
738 1430 817 1505 quod
827 1429 979 1488 edacibus
989 1448 1072 1505 aspe-

65 1520 158 1578 ratum
167 1520 377 1579 difficultatem
391 1538 530 1579 coronam
541 1518 711 1577 velocitatis
722 1519 893 1594 optantibus
907 1518 1026 1596 ingerit,
1040 1520 1072 1576 in

36 1623 55 1661 u
68 1624 119 1680 quo
136 1612 234 1684 spatio
258 1628 326 1667 cnm
348 1628 440 1683 equus
464 1610 702 1684 frequentissime
725 1610 852 1666 exerceri
875 1608 1017 1682 coeperit,
1039 1607 1072 1665 in

65 1695 126 1755 illos
145 1699 263 1757 aulaces
279 1698 443 1757 necessario
461 1701 491 1757 et
507 1699 620 1772 priores
637 1698 765 1774 ungulas
782 1699 813 1755 et
826 1698 1003 1771 posteriores
1016 1698 1072 1754 im·

66 1784 168 1862 pingit,
196 1791 227 1845 et
249 1787 412 1862 aliquando
434 1788 483 1845 rel
510 1786 591 1845 cadit
613 1785 661 1845 vel
685 1787 727 1844 sic
750 1786 883 1860 offendit,
912 1789 947 1845 ut
968 1785 1072 1844 cadere

65 1873 208 1949 videatur,
237 1879 307 1952 post
329 1875 409 1950 quod
432 1875 602 1934 admonitus
629 1876 741 1933 iniuria
763 1876 845 1934 tollit
872 1875 963 1933 altius
987 1893 1072 1933 crure

130 2050 143 2097 1
163 2044 247 2115 Verg.
262 2061 357 2115 georg.
372 2044 411 2097 ΠΙ
425 2050 467 2098 86.

131 2188 281 2242 iderersa
299 2188 327 2240 A
352 2191 356 2256 1
381 2188 410 2241 et
427 2204 478 2240 om.
493 2188 521 2241 P
544 2189 548 2254 1
572 2185 677 2240 inanuo
696 2187 724 2239 A
743 2185 783 2254 (in
802 2201 875 2239 anno
897 2187 932 2257 G)
952 2204 1025 2240 anno
1044 2190 1073 2240 et

66 2260 112 2311 cet.
126 2261 180 2328 F!
204 2259 260 2312 sibi
279 2258 365 2311 cornis
379 2260 407 2312 A
426 2275 512 2312 conus
530 2258 624 2311 fuerat
642 2259 670 2312 P
690 2260 699 2327 11
720 2264 735 2309 2
755 2257 831 2325 quod
849 2259 877 2311 A
895 2261 924 2311 et
943 2258 983 2311 sic
997 2258 1073 2326 quod

67 2326 129 2383 Fet
141 2332 212 2385 haee
227 2332 299 2384 Put
312 2332 351 2383 cd.
363 2347 407 2398 pr.
443 2332 446 2397 1
477 2331 551 2383 setas
566 2331 595 2382 et
613 2329 692 2383 siae.
709 2331 736 2383 P
760 2331 770 2397 11
797 2329 909 2381 3tundi
924 2330 999 2397 quod
1013 2330 1073 2382 tam

67 2398 156 2456 dextra
174 2417 261 2469 quam
276 2401 389 2455 sinistra
403 2403 431 2455 P
442 2403 482 2469 114
501 2400 634 2454 continua
648 2403 676 2454 A
692 2401 696 2469 1
712 2400 821 2453 intacta
836 2416 886 2453 om.
902 2402 930 2453 P
943 2403 947 2469 1
964 2417 986 2453 o.
1002 2400 1073 2453 serie

66 2503 81 2556 i.
97 2507 272 2576 reliquantur
289 2508 414 2561 intactae
433 2508 472 2561 cd.
484 2525 529 2576 pr.
547 2509 550 2574 1
567 2472 679 2576 quodA
696 2510 705 2577 11
724 2513 740 2560 5
759 2505 887 2575 patribus
906 2507 968 2559 AF
978 2508 1017 2574 116
1038 2506 1072 2559 de

67 2574 113 2631 hac
130 2595 154 2634 a.
170 2582 198 2633 A
220 2581 230 2648 11
257 2579 578 2648 8curaForn.ed.1rr.
610 2580 614 2648 Ι
645 2576 1026 2646 soluuec.pr.att01anlim
1045 2578 1073 2631 A

66 2649 141 2704 -atim
160 2653 190 2705 F
204 2652 239 2717 cf.
259 2651 335 2705 Plio.
350 2655 407 2704 unt.
422 2651 483 2704 Irc'st.
504 2651 666 2718 71111661
683 2648 827 2703 ambulare
846 2666 896 2702 om.
911 2651 939 2702 A
962 2651 965 2718 1
986 2665 1073 2716 equos

66 2734 109 2774 orn.
123 2723 153 2776 F
164 2738 234 2789 quos
249 2739 299 2775 orn.
315 2724 342 2775 A
364 2723 374 2789 11
396 2726 411 2774 9
430 2721 610 2790 trepidiarios
629 2723 668 2775 ed.
680 2740 725 2791 pr.
751 2723 755 2788 1
780 2720 966 2774 trectonarius
985 2722 1049 2774 AF
1064 2720 1074 2792 11

68 2794 96 2843 10
112 2795 241 2848 vecturae
255 2810 306 2847 our.
321 2795 349 2847 A
362 2795 371 2861 11
387 2797 418 2844 11
439 2792 642 2846 atturtionibus
656 2794 684 2847 A
698 2793 755 2860 atq.
770 2792 934 2846 turconibus
948 2793 995 2863 F}
1012 2811 1032 2846 s.
1048 2810 1072 2845 v.

66 2877 108 2916 uu
123 2866 154 2919 F
167 2867 314 2933 praestent
331 2865 359 2918 A
375 2865 380 2932 1
395 2863 464 2933 itaq.
484 2881 534 2919 orn.
549 2865 577 2917 A
595 2864 684 2933 igitur
701 2865 732 2918 F
752 2866 762 2933 11
786 2869 818 2916 12
839 2863 929 2918 solum
947 2865 994 2932 ΓΙ
1010 2880 1074 2933 pas-

68 2949 139 2990 suum
154 2937 182 2990 A
195 2951 245 3005 per
259 2936 280 2988 L
295 2951 429 3005 passuum
447 2935 477 2987 in
495 2935 580 3005 longo
595 2935 641 3004 F!
659 2937 687 2988 et
700 2954 727 3005 p.
747 2934 772 2987 X
787 2935 865 3005 AF!
882 2934 1009 2988 confiniis
1023 2937 1051 2989 A
1065 2935 1074 3006 11

69 3009 95 3056 13
112 3006 248 3061 aducibus
267 3008 295 3061 A
313 3006 452 3061 aulicibns
470 3008 542 3076 vulp.
578 3009 581 3075 1
616 3006 743 3075 asperius
766 3007 804 3060 sit
826 3008 887 3059 tum
906 3005 1074 3060 difficultate

67 3076 99 3129 cd.
109 3097 153 3148 pr.
183 3082 192 3148 11
216 3084 249 3132 14
267 3077 447 3132 velocitatem
466 3078 595 3147 11111115
615 3077 685 3146 freq.
701 3095 750 3132 om.
766 3079 794 3131 A
812 3093 853 3130 ex.
868 3077 901 3129 fr.
917 3079 948 3131 F
966 3080 975 3147 11
999 3083 1072 3144 537,

69 3150 95 3200 38
111 3153 150 3205 cic
168 3152 199 3203 irc
218 3151 283 3204 PM
295 3151 329 3203 V:
358 3148 456 3202 Parthi
481 3166 545 3202 curn
571 3148 662 3218 primo
686 3148 815 3216 equitant
837 3148 942 3217 pullos,
967 3149 1074 3202 vadunt

68 3233 122 3274 cum
147 3221 188 3275 eis
213 3220 243 3273 in
269 3221 374 3274 siccum
399 3220 574 3289 aequalemq.
603 3219 693 3273 solnm
720 3220 798 3273 cuius
822 3219 970 3288 longitudo
996 3219 1073 3272 sitL
1121 3227 1123 3232 '

68 3305 206 3359 passuum,
228 3291 351 3346 latitudo
370 3290 396 3344 V
416 3290 465 3344 ubi
488 3292 526 3344 sit
549 3294 625 3345 creta
649 3293 685 3344 ad
712 3291 924 3345 similitudinem
950 3291 1075 3359 (modum

70 3361 97 3416 Μ
106 3365 141 3433 V)
161 3362 248 3417 stadii
266 3362 363 3433 (spatii
383 3364 419 3432 V)
438 3362 468 3415 in
487 3378 541 3430 quo
555 3362 617 3416 loco
638 3362 705 3430 (sive
725 3362 817 3432 spatio
832 3363 895 3416 add.
911 3363 991 3429 PM)
1011 3379 1075 3414 cum

68 3433 153 3498 pullus
168 3435 291 3503 coeperit
304 3435 337 3487 fr.
350 3434 472 3488 exerceri
486 3437 495 3504 11
510 3439 542 3487 16
558 3450 621 3486 suos
633 3435 678 3501 ΡΙ
695 3433 799 3487 aulioes
809 3434 880 3502 culp.
898 3438 902 3498 1
918 3448 977 3485 nec.
988 3432 1074 3485 offen·

69 3502 106 3558 dit
121 3508 160 3561 ed.
172 3524 217 3575 pr.
231 3509 241 3575 11
256 3511 287 3558 17
307 3506 349 3559 ita
368 3523 392 3559 o.
408 3508 436 3559 P
450 3507 460 3573 11
479 3510 512 3558 18
532 3504 656 3557 monitus
675 3506 703 3558 P
719 3503 860 3557 amonitus
879 3504 906 3555 A
922 3505 926 3570 1
942 3502 972 3553 in
990 3501 1074 3554 initia

70 3574 128 3632 Pu
136 3580 163 3632 V
176 3577 308 3631 iniuriam
328 3579 355 3630 A
