2509 3892
407 157 547 215 MVLOM.
566 158 592 211 Π
611 164 717 213 22-24
1002 158 1064 223 121

63 330 212 405 purgatum
230 327 339 388 vulnus
362 328 462 401 fuerit,
485 345 553 386 cum
570 326 660 385 melle
679 325 780 387 Attico
798 326 944 405 inungite.
991 324 1068 386 Sunt
1079 328 1119 386 16

64 420 92 475 at
110 416 165 477 alia
186 416 284 475 multa
307 414 441 492 collyria,
464 434 541 490 quae
565 417 637 491 quia
660 414 784 475 eandem
805 417 868 476 vim
891 416 1067 491 easdemque

64 505 164 580 species
186 504 351 578 continent,
373 521 546 564 enumerare
569 503 751 581 superfluum
774 504 919 565 duximus.

258 745 400 812 XXIII.
423 746 474 814 De
495 748 624 813 scamis
648 748 862 813 iumentocum.

42 895 53 934 1
122 876 298 953 Plerumque
308 881 438 936 strumae
449 876 498 936 vel
507 877 659 953 parotides
669 881 722 936 eut
731 879 874 955 scrophae
882 877 996 935 iumen·
1027 886 1173 930 111118111-

64 967 152 1025 torum
165 969 272 1045 guttur
284 966 429 1025 infestant
443 969 473 1025 et
489 967 622 1025 faucium
639 970 755 1026 tumore
773 966 947 1042 produntur.
988 966 1068 1026 Nam

64 1055 189 1115 subrecto
217 1059 289 1116 sunt
316 1057 414 1131 capite
443 1058 473 1114 et
499 1058 648 1131 tanquam
677 1056 714 1116 ab
743 1056 923 1134 stranguilia
951 1056 1067 1131 praesc

64 1148 166 1203 cantur.
206 1145 270 1205 Hos
292 1145 422 1220 primum
444 1145 585 1204 fomentis
608 1145 713 1204 calidis
741 1147 772 1204 et
795 1145 1009 1220 cataplasmate
1032 1162 1067 1203 ex

64 1234 165 1308 polline
186 1234 349 1293 hordeaceo
372 1236 403 1292 et
428 1235 528 1294 resina
555 1234 688 1292 coronali
715 1236 800 1293 cocta
828 1234 926 1292 curari
948 1232 1068 1309 expedit

32 1339 52 1377 ιο
63 1326 97 1394 et,
118 1341 182 1381 cum
200 1323 335 1382 collectio
353 1323 446 1382 fuerit
463 1326 623 1396 maturata,
647 1322 789 1398 scalpello
809 1340 916 1397 secare,
939 1340 996 1398 pus
1018 1322 1096 1381 rell

64 1410 199 1486 quidquid
217 1412 373 1471 collectum
391 1411 483 1471 fuerit
506 1413 651 1485 emittere,
670 1416 700 1470 et
718 1414 801 1470 aceto
821 1414 851 1470 et
869 1412 931 1471 sale
950 1415 980 1470 et
1002 1412 1067 1470 oleo

63 1499 167 1559 infusos
198 1501 355 1559 lemniscos
387 1500 531 1573 subicere3
562 1502 667 1558 ceteris
703 1519 821 1576 quoque
853 1500 956 1559 diebus
986 1503 1067 1559 trau-

63 1588 164 1647 matico
186 1591 217 1646 et
239 1588 463 1648 medicamentis
491 1590 571 1665 aptis
599 1589 735 1647 sollerter
757 1578 874 1664 curare,
902 1593 937 1649 ut
958 1589 1067 1649 vulnus

62 1679 168 1751 pateat,
195 1676 268 1735 dum
291 1679 419 1737 sanetur.
460 1677 540 1735 Nam
568 1678 600 1735 in
628 1676 676 1736 his
705 1678 778 1736 locis
805 1697 841 1737 ex
864 1678 1067 1754 praeclusione

32 1762 116 1823 scito
134 1767 208 1825 solet
225 1764 327 1824 fistula
343 1766 417 1840 fieri,
441 1784 517 1842 quae
536 1767 561 1824 si
580 1767 722 1841 evenerit,
740 1767 774 1824 ut
795 1767 930 1841 superius
948 1766 1067 1825 demon·

63 1855 180 1912 stratam
203 1858 257 1929 est,
280 1873 394 1930 papyro
418 1859 448 1913 et
471 1854 596 1931 collyrio
619 1857 730 1930 poterit
752 1856 914 1931 personari.

361 2096 495 2162 xxiv.
517 2096 569 2162 De
587 2097 757 2180 quecca
863 2072 869 2077 ’

123 2224 286 2285 Glandulee
309 2245 427 2303 quoque
450 2226 638 2302 animalibus
662 2230 692 2286 at
714 2229 874 2303 praecipue
896 2228 997 2303 pullis,
1027 2238 1174 2280 marsum.

62 2330 147 2389 caque
169 2314 207 2373 ad
225 2315 391 2392 pericnlum
409 2315 558 2375 interdum
576 2315 720 2375 molestae
741 2319 811 2377 sunt
834 2319 864 2375 et
881 2316 914 2372 in
931 2314 1067 2373 morbum

126 2507 141 2554 5
159 2501 232 2556 cuir.
248 2519 271 2556 o.
286 2507 329 2556 87.
404 2508 437 2556 15
456 2501 529 2556 Chir.
545 2518 567 2556 c.
584 2507 626 2556 88.
702 2508 735 2557 18
755 2500 828 2556 Chir.
843 2519 865 2555 o.
881 2506 923 2556 89.

125 2686 140 2733 2
158 2680 272 2734 easdem
291 2697 331 2750 sp.
347 2679 474 2734 continet
491 2681 519 2734 A

123 2758 140 2805 4
157 2768 255 2806 mette
268 2751 367 2821 incepit
380 2750 407 2804 L
420 2752 455 2817 cf.
470 2768 497 2819 p.
512 2755 559 2817 48,
573 2755 609 2806 18
623 2754 633 2821 11
647 2757 663 2806 o
682 2750 813 2821 parotide
827 2753 854 2807 L
867 2751 1002 2822 paracide
1016 2754 1044 2807 A
1062 2754 1064 2825 1

64 2821 144 2876 scrufe
153 2824 180 2878 L
189 2823 301 2876 soofeA
311 2822 478 2891 scrophulae
487 2823 527 2877 ed.
533 2839 577 2892 pr.
592 2825 601 2892 l
615 2825 780 2877 otumorem
789 2823 949 2892 producunt
958 2824 1048 2893 capr.
1058 2824 1068 2896 11

65 2893 76 2941 l
89 2894 115 2946 et
123 2894 195 2949 subt.
207 2895 247 2948 ed.
254 2911 299 2963 pr.
310 2895 338 2947 A
354 2894 359 2965 1
375 2892 412 2947 ab
428 2893 597 2964 stranguilic
607 2895 667 2949 LA
677 2896 705 2964 (a
715 2896 783 2964 am)
795 2895 867 2950 coer.
879 2911 896 2947 a
906 2896 1068 2967 stranguria

63 2960 132 3018 Pac.
141 2982 186 3036 pr.
206 2964 272 3035 (ab).
290 2968 294 3035 1
309 2965 502 3034 producuntur
516 2966 544 3020 A
557 2967 597 3035 118
615 2964 669 3019 hoc
688 2966 716 3019 P
737 2968 747 3035 1
768 2970 783 3018 9
802 2966 913 3019 resinae
927 2965 954 3019 L
970 2967 974 3037 1
989 2981 1068 3022 aero-

63 3032 113 3086 uali
125 3037 152 3089 A
165 3052 221 3090 aer.
237 3038 318 3089 cocta
331 3052 381 3091 orn.
398 3037 426 3089 P
441 3036 552 3090 resinae
564 3036 657 3089 unciis
670 3035 761 3089 tribus
776 3051 852 3091 mero
871 3036 965 3091 valido
980 3038 1068 3092 coctis

64 3103 96 3157 ec.
105 3123 147 3174 pr.
160 3110 171 3176 1
186 3112 220 3161 10
238 3110 268 3160 et
286 3125 312 3176 q.
327 3108 356 3161 A
374 3108 464 3161 oeoari
482 3124 552 3177 opus
566 3109 610 3162 est
628 3110 658 3161 et
675 3107 715 3161 ed.
726 3123 771 3174 pr.
786 3109 795 3177 11
810 3112 842 3161 11
862 3108 961 3163 emitte
975 3112 1002 3163 A
1018 3112 1023 3178 1
1039 3111 1069 3162 et

65 3185 98 3228 ao.
115 3180 142 3231 et
160 3178 194 3249 1.]
214 3182 244 3232 et
261 3178 354 3233 111.Ιρ
376 3181 386 3247 1
410 3184 442 3232 12
461 3177 555 3233 infuso
573 3177 747 3260 lemnisquos
763 3178 790 3232 L
803 3177 911 3234 infusos
930 3179 1068 3234 leuiscum

64 3245 158 3313 1110,
173 3255 206 3304 11
221 3251 262 3304 etc
275 3250 307 3304 in
320 3250 361 3305 P.-
376 3265 473 3304 seoare
487 3254 516 3304 et
529 3248 666 3317 quicquid
679 3251 756 3302 mtus
771 3252 815 3303 est
828 3249 940 3314 ducere,
955 3250 1068 3305 demum

64 3311 145 3373 lavare
164 3336 228 3374 oum
246 3319 308 3376 oleo
327 3323 358 3376 et
375 3319 442 3375 sale.
471 3324 481 3390 l
509 3326 541 3375 12
560 3319 662 3374 diebus
680 3335 731 3375 om.
746 3320 774 3375 A
800 3321 811 3389 11
843 3326 876 3374 18
895 3340 931 3375 m.
947 3320 1067 3376 sollicite

65 3387 163 3446 euobis
176 3392 206 3447 P
219 3395 224 3460 1
241 3391 265 3445 si
280 3410 303 3446 v.
318 3393 358 3446 ed.
369 3410 414 3461 pr.
429 3393 457 3446 A
471 3394 480 3461 11
496 3398 529 3445 14
542 3390 670 3459 patiatur
679 3391 730 3460 ,111
753 3395 786 3444 15
806 3407 891 3459 supra
905 3392 945 3447 ed.
958 3407 1001 3460 pr.
1017 3393 1045 3447 A
1058 3392 1068 3462 11

65 3461 93 3510 1ss
108 3477 168 3531 pap.
183 3465 279 3532 potest
296 3462 391 3518 sanari
409 3465 437 3517 A
453 3465 457 3531 1
474 3465 589 3518 sanetur
606 3462 636 3517 P

126 3538 157 3586 18
177 3533 308 3587 animalis
326 3535 353 3589 L
369 3538 374 3604 1
389 3533 474 3603 pollis
493 3533 520 3587 L
533 3536 543 3602 11
558 3538 590 3586 19
610 3535 640 3585 et
657 3548 707 3587 occ.
723 3530 749 3584 L
765 3533 770 3599 1
785 3530 882 3584 morbo
901 3530 929 3583 L
