2509 3892
439 132 579 187 utinen.
599 133 624 185 11
646 139 705 200 roo,
722 139 774 186 lle
1052 133 1114 196 201

97 322 164 362 unc.
184 302 226 373 H,
256 304 330 361 costi
359 321 426 361 unc.
445 303 484 375 H,
508 304 689 361 cinnamomi
718 320 784 361 unc,
806 302 830 375 I,
861 304 978 378 eryngii
1007 303 1116 362 radicis

97 411 164 451 unc.
184 390 225 464 Π,
249 392 361 451 cassiae
383 410 449 450 unc.
469 391 507 465 II,
531 394 657 451 storacis
680 409 822 463 samono,
850 410 927 466 quae
950 394 1064 465 omnia,
1091 394 1117 452 si

97 480 230 540 validior
256 485 288 539 et
310 481 373 540 sine
397 481 479 539 febre
507 482 612 555 fuerit,
636 499 703 538 cum
730 483 815 555 vino,
839 483 865 539 si
888 481 1026 555 febriens,
1050 501 1117 540 cum

98 589 170 628 suco
194 571 332 644 ptisanae
355 589 408 645 per
431 590 464 630 os
487 570 580 629 dabis.

73 787 85 825 s
286 760 355 824 CX.
379 760 430 825 Dc
452 762 647 843 orthopnoieo
669 763 691 823 i.
710 761 930 842 ploqioriyido.

166 883 411 966 Orthopnoicum'
424 891 590 949 iumentum
613 892 660 949 his
683 894 855 968 agnoscitur
878 893 984 968 signis,
1010 893 1045 947 ut
1076 883 1224 977 ffisslffln

98 982 219 1039 etiamsi
257 980 395 1038 trahatur
434 980 586 1039 ambulare
625 980 783 1039 detractet:
824 981 945 1038 anhelat
979 999 1045 1057 gra-

98 1072 185 1142 viter,
209 1070 380 1144 frequenter
397 1071 538 1145 suspirat,
557 1086 665 1127 rimoos
683 1069 773 1140 ducit,
792 1070 847 1127 ilia
865 1070 1028 1144 suspendit,
1048 1068 1118 1126 dmn

96 1157 261 1217 manducat
282 1158 379 1218 tussit
422 1158 468 1216 Ex
491 1177 549 1234 quo
573 1160 648 1216 vitio
673 1158 793 1216 difficile
816 1158 970 1231 liberatur,
993 1159 1063 1217 licet
1085 1160 1150 1215 1119.

62 1271 85 1308 ιο
98 1247 222 1325 longum
241 1247 397 1323 protrahat
420 1249 523 1306 vitam.
569 1247 675 1305 Pulmo
695 1249 774 1305 enim
797 1266 899 1305 eorum
917 1247 1118 1306 contrahendo

98 1355 128 1394 se
153 1335 310 1409 comburit,
332 1336 460 1395 undeet
482 1339 591 1395 macies
616 1355 682 1394 cum
701 1340 796 1394 morte
815 1339 933 1411 insequi
956 1338 1117 1395 consuevit.

96 1425 132 1483 In
155 1423 270 1483 recenti
292 1428 393 1484 tamen
415 1426 491 1484 hanc
522 1444 624 1484 curam
647 1425 825 1484 festinanter
855 1425 1020 1483 adhibebis:
1052 1429 1152 1485 san-3

97 1517 219 1590 guinem
244 1513 279 1572 de
307 1517 425 1589 pectore
456 1515 593 1573 detrahes
617 1519 648 1572 et
675 1534 756 1572 mero
787 1515 910 1589 oleoque
938 1516 1119 1590 permixtum

98 1608 190 1680 atque
210 1604 389 1663 calefactum
406 1621 561 1681 perunges.
599 1602 739 1662 Lixivum
755 1624 872 1679 quoque
891 1604 1118 1682 diligentissime

71 1696 205 1755 atritum
225 1697 341 1752 etcum
360 1694 425 1751 oleo
446 1694 559 1768 optimo
578 1696 777 1767 temperatum
796 1714 850 1770 per
868 1713 953 1752 nares
973 1695 1076 1752 diebus
1091 1693 1119 1747 V

98 1783 248 1841 continuis
286 1781 382 1840 eidem
418 1782 542 1859 digeras.
598 1781 755 1841 Potionem
791 1783 981 1858 postmodum
1018 1783 1117 1842 dabis:

97 1873 212 1946 sinapis
231 1871 427 1932 Alexandrini
445 1872 524 1944 tiixi,
547 1872 670 1929 sulfuris
694 1872 763 1944 vivi,
786 1892 913 1944 murrae,
937 1874 1119 1931 cardamomi

97 1962 212 2035 species
236 1962 341 2035 aequis
363 1960 544 2035 ponderibus
568 1961 731 2019 contimdes
755 1966 784 2019 et
808 1980 917 2034 cernes,
941 1981 1007 2019 cum
1030 1962 1118 2019 melle

97 2051 215 2125 optimo
234 2049 386 2124 decoquas,
430 2049 474 2106 Ex
498 2069 558 2123 quo
579 2049 795 2109 medicamento
820 2052 859 2108 ad
881 2051 1153 2127 magnitudineml

173 2225 188 2271 6
209 2218 281 2272 Chir.
298 2237 320 2272 e.
337 2225 388 2272 374
408 2220 442 2271 el'.
459 2224 518 2271 372.
594 2225 627 2272 12
647 2219 720 2273 Chir.
737 2237 759 2272 c.
776 2226 835 2273 375.

172 2386 187 2433 3
209 2380 268 2433 sine
287 2380 306 2431 f.
327 2379 380 2432 erit
394 2381 433 2434 ed.
445 2398 490 2448 pr.
505 2382 533 2433 A
552 2396 625 2447 quae
640 2397 664 2434 ο.
680 2383 765 2433 tunsa
780 2381 803 2433 si
818 2396 873 2432 non
888 2379 982 2443 febrit,
1002 2395 1065 2430 cum
1079 2397 1118 2444 v.;

99 2453 123 2505 ei
143 2451 232 2504 febrit
250 2453 278 2506 P
289 2454 329 2519 114
349 2450 439 2518 dabis,
458 2451 620 2519 fsequenter
639 2452 763 2521 suspirat
781 2453 844 2505 edd.
861 2454 889 2505 P
904 2468 937 2504 ecc
955 2452 1003 2503 lin.
1018 2455 1036 2503 8

172 2530 196 2576 5.
213 2531 228 2575 t
248 2522 424 2576 orthotonieo
443 2523 504 2577 LP
524 2522 759 2591 ortholietophico
778 2523 818 2576 ed.
834 2541 878 2591 pr.
904 2522 939 2575 de
962 2521 1119 2575 eoieronico

97 2595 176 2648 idem
202 2594 295 2663 plagis
319 2592 547 2663 ortolistophicis.
581 2594 741 2648 Iumentum
760 2596 787 2648 A
810 2598 818 2662 11
842 2601 857 2646 6
880 2596 914 2647 ut
932 2591 1044 2646 etiamsi
1061 2595 1119 2645 tra·

97 2666 178 2720 bitur
192 2667 220 2719 A
237 2666 270 2718 ut
288 2682 338 2719 oen.
354 2666 394 2718 ed.
405 2683 450 2734 pr.
471 2666 538 2733 quia
560 2683 623 2719 cum
641 2669 676 2719 tr.
696 2683 720 2719 a.
741 2682 796 2718 non
811 2666 873 2719 vult
887 2667 915 2719 P
943 2669 952 2733 11
984 2670 1000 2718 8
1018 2681 1119 2718 runoos

99 2740 159 2792 PA
174 2738 214 2791 ed.
226 2755 270 2806 pr.
287 2736 368 2805 (·ch·)
386 2739 500 2790 tmncos
515 2737 769 2808 mcrqotmnoulos
784 2736 819 2791 al.
836 2739 885 2806 Lll
900 2742 915 2789 9
933 2738 987 2807 §2
1006 2753 1056 2791 om.
1073 2738 1116 2790 P*

98 2827 133 2863 ex
153 2825 211 2877 quo
230 2809 327 2862 hustro
346 2810 374 2862 A
409 2808 412 2879 1
446 2807 615 2861 liberabitur
634 2811 673 2863 ed.
685 2826 730 2878 pr.
746 2811 774 2864 A
805 2811 815 2878 11
847 2814 881 2861 10
899 2811 985 2877 protr.
1005 2812 1038 2861 ut
1057 2825 1119 2861 oum

97 2880 197 2949 pulmo
222 2896 245 2933 e.
265 2880 362 2947 (etiam
383 2880 419 2947 G)
443 2896 544 2948 corpus
568 2880 788 2935 contrahendum
814 2882 843 2933 et
868 2881 922 2947 (est
943 2881 968 2930 G
986 2897 1053 2934 corr.
1072 2880 1121 2938 (1¹²)

98 2951 242 3006 comburit
261 2953 288 3004 A
315 2953 323 3020 11
353 2957 384 3004 11
406 2954 538 3005 converet
556 2952 582 3004 L
608 2954 618 3020 11
647 2958 680 3004 12
700 2952 838 3005 festinant
857 2953 884 3004 A
906 2954 916 3019 11
940 2959 973 3003 14
992 2951 1120 3003 lixivium

98 3040 184 3092 quoq.
201 3022 303 3076 cineris
321 3024 361 3075 ed.
373 3040 418 3090 pr.
436 3026 440 3090 1
457 3020 707 3091 diligentissimum
724 3026 751 3076 A
765 3026 774 3090 11
790 3028 823 3075 le
842 3025 949 3076 cretum
968 3026 997 3076 et
1013 3065 1035 3075 ..
1051 3025 1120 3076 tem-

98 3093 215 3163 perabis
234 3096 263 3147 et
277 3109 328 3162 per
340 3094 381 3147 ed.
393 3111 438 3162 pr.
454 3095 481 3146 A
496 3093 593 3146 lixivia
607 3109 672 3147 vero
687 3111 751 3147 cnm
768 3095 831 3147 oleo
846 3111 870 3147 ο.
886 3093 1057 3162 temperabis
1073 3095 1100 3148 P
1115 3095 1117 3157 1

98 3181 199 3219 narem
219 3166 246 3218 A
282 3169 291 3233 11
328 3171 361 3218 16
381 3169 454 3219 cont.
474 3164 611 3217 immittes
631 3166 659 3219 P
695 3166 698 3234 1
737 3183 764 3233 p.
781 3182 893 3234 quoqne
917 3165 998 3218 dabis
1017 3168 1118 3233 postm.

98 3237 140 3290 ed.
152 3254 197 3305 pr.
214 3237 264 3305 Α11
279 3242 310 3290 17
332 3236 540 3289 Alexandrinae
559 3235 649 3289 frixae
668 3239 695 3289 A
716 3238 720 3303 1
743 3239 773 3289 et
791 3254 812 3289 s.
827 3255 851 3289 v.
872 3240 901 3290 et
919 3254 955 3289 m.
975 3238 1015 3289 cd.
1026 3253 1071 3305 pr.
1091 3239 1120 3288 et

99 3326 119 3361 a.
136 3325 161 3359 v.
177 3310 284 3360 etcum
298 3307 478 3361 cardamomo
493 3307 586 3376 specie
601 3309 628 3360 A
642 3310 652 3376 11
667 3313 700 3360 18
719 3308 827 3376 species
841 3325 892 3362 om.
908 3310 954 3374 ΡΙ
970 3306 1120 3360 contundis

100 3388 147 3433 etc.
164 3380 205 3433 ed.
217 3395 261 3447 pr.
277 3381 304 3432 A
324 3379 465 3432 contunde
480 3381 528 3446 Ρ11
545 3384 576 3431 19
596 3379 705 3447 optimo
723 3396 818 3449 maryc
833 3379 869 3432 al.
885 3379 981 3431 Attico
1000 3379 1040 3431 ed.
1051 3395 1117 3446 pr,

99 3467 135 3504 ex
154 3466 211 3517 que
224 3452 339 3519 potione
365 3450 534 3503 admodum
558 3468 584 3502 n.
606 3449 710 3503 cotidie
734 3467 797 3503 eum
820 3450 884 3503 vino
909 3448 1001 3503 calido
1020 3465 1071 3516 per
1089 3466 1120 3501 os

100 3522 184 3575 dabis
204 3524 231 3576 P
