2509 3892
507 145 629 204 evasa
649 131 796 203 noun
850 148 880 191 A
992 180 995 184 »
1074 147 1140 213 309

115 323 204 396 verit,
228 319 363 379 cimicem
382 320 516 378 conteres
536 321 566 377 et
584 317 622 375 ad
641 338 727 378 nares
746 320 809 377 eius
828 317 1022 378 admovebis:
1036 320 1140 377 statim

117 410 215 468 eicias.
234 425 235 428 ’
257 408 310 466 Ad
328 407 529 467 fastidium.
571 408 632 466 Bos
655 409 759 466 sinon
779 408 920 486 rumigat,
943 407 1043 466 salicis
1067 408 1140 466 folia
1158 409 1197 464 12

118 502 173 557 aut
196 497 336 557 corticem
360 499 423 556 eius
446 496 660 556 viridissimam
683 495 872 570 contundite,
902 500 932 555 et
954 498 987 554 in
1010 515 1045 555 eo
1069 500 1140 556 sext.

118 587 183 647 vini
207 586 310 646 addito
334 588 364 644 et
388 586 447 645 olei
475 588 593 662 partem
624 588 775 660 quartam,
804 586 837 643 in
860 605 891 645 se
920 585 994 645 bene
1017 588 1141 645 misceto

88 680 150 737 aot
173 696 226 751 per
249 694 373 734 cornum
395 675 466 733 bovi
483 674 644 733 infundite.
685 674 866 734 Intestinum
889 675 968 733 enim
990 675 1085 733 movit
1107 678 1142 733 ut

114 765 223 841 pedere
242 784 303 824 non
321 766 428 838 cesset3
447 766 549 823 enovit
567 758 730 822 sanabItnr.
768 763 873 823 Potio
891 766 1140 822 iumentorum.
1159 766 1198 822 13

38 900 42 903 .
115 855 256 913 Iumenta
274 854 316 913 sic
334 853 517 929 potionabis:
541 855 654 912 stercus
672 852 841 928 leporInum
860 856 891 911 et
908 871 1012 929 cepam
1031 854 1140 911 siccam

116 962 186 1002 cum
204 943 275 1001 vino
294 943 439 1001 conterite
459 945 490 1000 et
507 961 561 1018 per
579 960 670 1001 cornu
690 942 768 1000 dato.
810 938 982 1001 Iumentum
1000 960 1141 1001 ruscones

117 1034 142 1091 si
166 1031 298 1106 habebit,
322 1031 415 1089 aliurn
435 1049 503 1089 cum
521 1031 652 1108 axungia
671 1033 799 1090 conaris
818 1034 849 1089 et
867 1031 965 1107 dabis3
989 1033 1072 1108 aegn'
1090 1031 1141 1090 des

69 1142 99 1184 uo
115 1121 281 1181 remedium
322 1119 445 1178 feniculi
486 1109 554 1178 curn
599 1138 673 1195 cepa
720 1123 849 1188 conteris
891 1123 928 1178 et·
961 1118 1140 1195 potionabis.

114 1211 255 1269 Iumenta
274 1211 300 1268 si
319 1208 559 1282 crocinabuntur,
578 1208 764 1267 marrubium
783 1212 821 1268 at·
832 1211 995 1286 axungiam
1013 1212 1141 1268 conteris

115 1301 192 1358 otiu
206 1301 277 1357 vino
293 1298 386 1357 dabis.
423 1297 479 1355 Ad
498 1298 693 1376 glandulas
707 1300 962 1357 iumentorum:
980 1299 1055 1357 luna
1069 1298 1140 1356 XIV
1158 1300 1198 1355 14

113 1407 212 1462 mane,
231 1390 394 1463 antequam
412 1404 519 1445 manus
538 1386 629 1462 laves,
652 1387 787 1446 iumento
808 1390 909 1446 omnia
926 1387 1140 1463 impedimenta
1225 1378 1228 1383 ’

114 1478 213 1550 tollis,
243 1480 274 1534 et
304 1493 410 1535 manus
441 1476 578 1536 sinistrae
609 1476 705 1554 digito
735 1476 906 1535 medicinali
937 1475 973 1534 de
996 1476 1161 1554 glandula

69 1585 100 1626 re
115 1565 315 1642 adprehendis
335 1568 365 1623 et
385 1565 458 1624 haec
483 1565 572 1624 dicis:
598 1567 677 1623 senti
692 1569 845 1641 precante:
870 1583 925 1623 neo
942 1561 1021 1642 lapis
1040 1566 1142 1623 lanam

114 1658 173 1714 feri
195 1654 434 1722 neelumbricos
465 1655 566 1712 oculos
593 1655 686 1713 habet
716 1673 770 1713 nec
794 1655 878 1713 mula
906 1656 1001 1730 parit:
1026 1656 1141 1713 utiicu-

113 1747 179 1803 lum
202 1743 298 1803 cossia
320 1744 494 1818 herpiosum
517 1742 606 1801 arbor
627 1744 687 1801 fuit
712 1764 803 1802 manu
825 1745 957 1802 humana
979 1745 1052 1803 haec
1075 1744 1142 1820 ipsa

115 1826 236 1892 concisa
263 1835 321 1905 est,
350 1832 438 1891 carbo
464 1833 562 1891 factus
590 1835 637 1891 est
660 1836 690 1891 et
713 1835 739 1892 si
760 1833 861 1908 tuber,
885 1835 911 1893 si
933 1852 1030 1909 panus
1055 1834 1142 1892 arula

115 1921 226 1983 subula
255 1921 368 1980 neceris
400 1940 454 1980 nec
484 1920 599 1979 radices
631 1940 711 1998 agas.
757 1922 822 1981 Hoo
852 1924 943 1981 semel
973 1922 1059 1982 dices,
1102 1922 1138 1980 Si
1156 1923 1195 1980 15

66 2029 99 2070 xo
113 2012 314 2069 iumentum
333 2014 472 2069 stercus
488 2010 727 2087 gallinacium
746 2012 957 2085 comederit,
975 2011 1139 2070 brassicam

113 2100 263 2176 agrestem
281 2100 371 2157 terito
391 2118 460 2158 cum
483 2099 548 2157 oleo
568 2102 598 2157 et
621 2102 715 2174 aceto,
739 2100 809 2159 dato
828 2099 912 2159 bibat
935 2119 989 2175 per
1006 2118 1137 2158 cornum.

111 2188 169 2247 Ad
183 2188 442 2247 abundantiam
460 2187 651 2267 sanguinis
671 2192 825 2267 genestum
843 2188 971 2247 viridem
989 2189 1135 2247 contarito
1154 2190 1194 2246 16

113 2281 147 2337 et
169 2296 234 2336 eam
256 2278 289 2335 in
307 2278 377 2335 vino
401 2279 464 2335 sire
482 2277 514 2335 in
534 2296 613 2352 aqua
636 2279 815 2354 permixtam
834 2277 905 2336 dato
928 2285 982 2353 per
1005 2296 1136 2335 cornum.

113 2365 168 2424 Ad
199 2367 460 2439 infirmitatem
496 2367 745 2425 iumentorum.
797 2366 969 2425 Iumentum
1000 2367 1027 2425 si
1060 2367 1139 2425 male
1157 2369 1196 2425 17

67 2455 267 2528 rehabuerit,
295 2455 402 2514 cineris
424 2456 535 2514 lixivae
559 2458 663 2531 cyatos
686 2455 770 2531 VIII,
794 2456 860 2515 olei²
876 2456 979 2531 oyatos
1003 2455 1047 2513 VI
1070 2455 1140 2514 con-

115 2544 220 2621 subige
250 2547 281 2602 et
309 2546 342 2601 in
372 2562 403 2602 se
426 2544 533 2603 etdat
561 2544 647 2603 bibat
674 2564 727 2621 per
755 2543 889 2619 cornum,
920 2546 952 2603 et
979 2546 1080 2603 currat
1102 2564 1140 2602 ne

113 2636 214 2691 minus
237 2633 343 2692 horam
367 2636 474 2691 aut...
515 2632 685 2694 Seniores
708 2637 748 2692 ut
770 2634 858 2692 bene
880 2634 1042 2692 valeant:
1070 2652 1140 2710 opo-

114 2725 238 2798 panacis
257 2740 322 2780 unc.
342 2722 358 2780 I
376 2724 514 2796 conteris,
538 2742 572 2780 ex
590 2725 662 2782 vino
681 2723 766 2783 dabis
785 2726 945 2800 potionem.
987 2723 1040 2781 Ad
1064 2741 1139 2782 sca·
1158 2725 1198 2780 18

113 2812 208 2870 bIem
240 2813 494 2869 iumentorum:
530 2810 640 2871 Arabis
672 2813 829 2872 bituminis
861 2832 908 2889 po.
930 2812 984 2889 111,
1018 2812 1140 2871 sulfmis

115 2919 163 2977 po.
181 2899 221 2976 Π,
245 2901 321 2976 picis
340 2899 472 2975 quuidae
496 2919 543 2976 po.
564 2899 614 2976 VI,
638 2904 744 2978 pIcem,
767 2905 908 2977 mentam,
933 2902 1031 2960 oleum
1053 2905 1140 2960 mitte

146 3121 157 3133 γ’
189 3057 222 3105 12
242 3050 276 3105 cf.
292 3051 378 3105 Maro.
394 3051 473 3120 Emp.
490 3067 513 3105 c.
530 3057 571 3120 15,
588 3058 629 3106 11.
704 3059 737 3106 22
757 3053 791 3107 ef.
807 3053 877 3124 Veg.
892 3053 918 3106 Π
938 3059 978 3107 77.

187 3182 204 3229 6
224 3193 288 3229 oum
306 3176 396 3229 movit
414 3177 447 3230 oi.
463 3176 543 3232 Saba.
567 3179 576 3247 11
598 3183 613 3231 9
634 3178 726 3248 aegris
744 3176 834 3231 rem?
856 3179 866 3247 ΙΙ
890 3183 921 3230 11
942 3179 1066 3248 exungia
1085 3179 1112 3232 L
1130 3179 1141 3252 11

116 3254 149 3300 14
169 3246 285 3300 sinistra
299 3248 326 3301 L
356 3248 360 3317 1
389 3246 556 3317 glandulam
571 3250 597 3302 L
624 3251 634 3318 Η
667 3257 700 3303 15
718 3266 739 3302 s.
754 3252 917 3318 precantem
936 3265 987 3303 neo
1006 3248 1023 3302 l.
1039 3248 1057 3301 l.
1072 3248 1140 3304 ferit

115 3321 147 3386 ct.
157 3318 239 3374 Sena.
254 3320 264 3387 ΙΙ
280 3323 312 3371 16
327 3317 480 3371 lumbricus
495 3320 566 3373 idem
579 3321 589 3388 ll
603 3326 636 3374 21
650 3320 732 3374 datL
745 3322 755 3388 ΙΙ
769 3326 803 3372 23
815 3322 950 3388 aquamL
964 3323 973 3389 ss
988 3320 1139 3375 2bcineres

115 3389 201 3443 lixiva
211 3389 243 3452 ¹L
272 3391 276 3458 Ι
305 3390 369 3456 fort.
386 3389 538 3457 consubige
558 3390 587 3443 in
607 3407 637 3444 se
661 3394 690 3444 et
708 3392 745 3444 da
763 3393 796 3444 ut
809 3392 835 3445 b.
848 3393 921 3444 -'et
943 3391 1030 3446 misce
1052 3393 1139 3448 uoluit

117 3462 215 3527 Gesa.,·
239 3460 306 3513 dato
324 3460 351 3513 b.
371 3461 501 3531 Seboeuy.
531 3464 540 3531 ΙΙ
568 3468 601 3515 27
625 3462 723 3516 horam
750 3465 800 3516 aut
820 3462 916 3517 samis.
951 3462 1079 3516 Saniores
1105 3465 1139 3516 ut

114 3532 246 3602 81101119.
272 3535 276 3601 Ι
301 3547 480 3600 ypopanaoes
500 3532 526 3586 L
