2509 3892
171 150 214 214 48
610 146 746 202 VEGETI

172 317 206 376 Si
219 321 321 376 tamen
335 316 372 375 ab
391 317 556 376 admissura
575 317 763 389 cessaverint,
781 317 841 374 nisi
860 318 945 375 annis
964 316 1100 375 omnibus
1118 316 1177 373 her·
1230 335 1231 340 ¹

172 408 278 466 barum
296 409 429 481 tempore
448 406 632 482 depleantur‚
655 404 791 463 incidunt
809 406 841 462 in
861 407 1044 478 caecitatem,
1063 406 1136 480 qnia
1151 402 1179 462 id
1229 419 1231 472 j

173 495 254 571 quod
274 515 329 571 per
350 495 461 554 coitum
480 514 598 573 egerere
618 496 840 568 consueverant,
863 494 1012 553 redundat
1028 495 1061 554 in
1083 493 1178 553 oculis.
1226 535 1231 544 ·

174 703 286 768 XXV.
311 703 353 768 Iu
371 704 482 787 quibus
499 703 701 786 passionibus
723 707 752 766 et
768 723 805 766 ex
827 701 938 785 quobus
961 702 1035 767 locis
1055 701 1180 784 sanquis

544 806 589 866 est
610 800 804 883 auferendus.
1201 821 1209 861 ⁵
1231 813 1233 884 i

237 933 337 1006 Nunc,
360 950 397 989 ne
421 930 493 1006 quid
515 930 702 1006 relinquatur
725 929 911 1008 ambiguum,
933 931 966 988 in
990 930 1097 1005 quibus
1119 946 1181 1005 pss-
1232 931 1234 1006 ξ

171 1021 303 1081 sionibus
327 1022 357 1079 et
380 1039 415 1078 ex
439 1019 546 1095 quibus
569 1020 642 1078 loeis
665 1021 787 1097 sanguis
810 1020 910 1078 emitti
931 1018 1052 1093 debeat,
1074 1019 1181 1078 indica·
1232 1019 1233 1044 ¹

170 1110 276 1171 bimus.
317 1109 462 1169 Morbidis
485 1112 516 1168 et
539 1108 762 1184 quibuscunque
784 1110 883 1166 totum
912 1126 1019 1183 corpus
1041 1109 1076 1167 in
1099 1125 1181 1167 causa
1233 1115 1235 1174 ξ

171 1202 216 1259 est
239 1201 316 1259 sicut
337 1198 532 1258 febrientibus
556 1198 738 1257 demetriae
765 1197 964 1256 detrahendus
987 1200 1033 1256 est
1056 1199 1180 1274 sanguis.

137 1286 393 1365 20ephalergicis
424 1289 537 1361 autem,
571 1288 696 1362 saniosis,
717 1287 844 1360 insanis,
871 1286 1029 1361 cardines,
1060 1286 1181 1356 caducis,
1192 1303 1210 1342 u
1235 1287 1237 1356 ζ

170 1377 335 1450 beneficis,
364 1375 516 1450 distentis,
545 1376 724 1450 sideraticis‚
753 1374 879 1434 rabiosis
910 1371 1044 1451 [quoquo
1075 1369 1181 1451 modo],
1236 1371 1237 1426 ἶ

170 1465 354 1541 praecipium
377 1463 412 1522 de
435 1467 519 1525 venis
543 1464 746 1523 auricularum
768 1465 943 1542 sanguinem
966 1463 1093 1524 demere.
1129 1463 1182 1521 Vc·
1236 1441 1238 1472 ⁸

170 1557 337 1613 rumtamen
359 1554 466 1613 melius
492 1556 550 1628 est,
577 1557 612 1612 ut
639 1553 675 1613 de
697 1553 894 1629 temporibus,
925 1572 1000 1628 quae
1024 1553 1131 1613 dextra
1152 1570 1181 1611 ac

171 1644 293 1702 sinistra
315 1647 399 1717 sunt,
429 1643 616 1702 detrahatur:
643 1642 743 1701 idest
770 1641 824 1702 sub
852 1644 995 1701 cavatura
1016 1645 1182 1720 temporum
1238 1663 1239 1722 ᾗ

169 1731 265 1792 tribus
292 1731 395 1810 digitis
423 1731 460 1791 ab
484 1732 569 1791 oculo
591 1731 789 1807 interpositis,
817 1731 941 1789 inferius
967 1750 1045 1790 vena
1068 1732 1210 1808 perquis

135 1821 365 1880 saturatos
393 1823 521 1896 ueraque
552 1823 639 1896 parte
668 1821 791 1897 sanguis
821 1821 979 1879 emittitur.
1023 1821 1078 1881 nis
1108 1837 1181 1893 vero,
1236 1843 1241 1852 ·

170 1909 277 1985 quibus
300 1909 422 1969 suffusio
452 1911 580 1988 contigit
609 1910 762 1968 oculorum
791 1910 840 1969 vel
869 1912 967 1969 cetera
988 1909 1080 1985 vitia,
1111 1926 1181 1987 ques
1240 1919 1243 1968 ἰ

169 1999 263 2058 ocuiis
290 2002 410 2074 nocent,
439 2000 594 2059 inferiores
623 2016 717 2057 venae
740 1998 794 2057 sub
824 1998 917 2058 oculis
947 2000 1080 2074 positae,
1111 2015 1181 2075 quac

171 2088 352 2148 descendunt
383 2088 437 2147 sub
474 2089 591 2166 anguiis
628 2088 781 2146 oculorum
814 2087 1018 2163 inferioribus,
1056 2091 1182 2166 quatuor

240 2265 256 2313 6
276 2256 349 2313 Chir.
364 2275 386 2312 c.
404 2264 444 2311 16.
462 2262 502 2311 17.

242 2436 256 2483 1
276 2429 300 2482 si
319 2430 414 2483 autem
432 2427 459 2480 L
477 2425 502 2481 si
519 2430 616 2482 tamen
638 2427 721 2481 mium
745 2426 817 2481 cuir.
851 2428 855 2495 Ι
889 2425 1057 2479 admissaria
1077 2427 1106 2481 P
1121 2439 1180 2478 -ura

168 2503 201 2555 in
218 2518 272 2556 ras.
290 2499 338 2555 Μ’
364 2503 374 2569 ΙΙ
401 2499 466 2553 bin
484 2515 534 2552 om.
550 2497 647 2552 LAF
669 2499 679 2567 ΙΙ
702 2503 717 2551 3
737 2497 812 2550 coitu
832 2497 969 2565 Aerior.
995 2499 1000 2566 Ι
1025 2512 1139 2567 egerere
1157 2494 1180 2548 L

170 2572 199 2625 di
220 2588 297 2626 erere
310 2572 381 2653 cuiq.
399 2571 403 2642 Ι
420 2568 544 2624 declinat
561 2569 591 2622 in
610 2568 705 2623 oculos
723 2569 763 2622 ed.
776 2586 821 2637 pr.
838 2567 981 2621 declinant
999 2569 1029 2621 in
1052 2568 1180 2622 oculisA

168 2590 226 2696 roff.
245 2643 276 2695 in
294 2642 382 2696 ecuhs
401 2641 462 2696 FP
478 2644 512 2709 (ο.
528 2643 634 2709 eorum)
654 2641 726 2695 cuir.
741 2639 836 2693 oculos
856 2638 883 2691 L

240 2718 310 2766 401
324 2728 374 2767 om.
390 2712 416 2763 L
429 2714 439 2780 ΙΙ
453 2716 469 2764 9
482 2710 553 2764 febr.
566 2711 642 2764 unde
655 2709 729 2764 infra
743 2710 894 2765 dicendum
907 2711 947 2765 ed.
958 2728 1003 2779 pr.
1019 2711 1047 2764 A
1062 2713 1066 2779 Ι
1083 2709 1182 2765 tollen·

169 2784 221 2837 dus
236 2785 264 2837 P
287 2786 297 2851 ΙΙ
325 2788 358 2835 10
377 2784 427 2835 aut
445 2783 476 2837 F
502 2785 506 2850 Ι
536 2781 640 2851 opiosis
654 2784 683 2836 P
701 2785 711 2852 ΙΙ
734 2787 766 2836 11
782 2781 912 2835 distentis
927 2781 953 2833 L
972 2781 1141 2836 distenticiis
1156 2777 1184 2833 F
1241 2789 1243 2856 1

169 2853 353 2924 (distentiosie
378 2853 461 2921 cte.)
488 2850 654 2906 bistentitiis
673 2853 701 2907 A
724 2852 882 2907 disentricie
906 2855 934 2908 P
954 2852 1118 2907 bistrutitiis
1141 2850 1179 2905 od.

165 2943 210 2994 pr.
234 2927 238 2995 Ι
258 2923 416 2978 sideraticis
434 2925 462 2978 L
480 2922 567 2978 -ticiis
585 2924 617 2978 F
629 2924 702 2980 cte.
722 2924 876 2979 sicardiciis
895 2925 933 2978 ed.
945 2942 991 2993 pr.
1007 2926 1034 2979 A
1052 2921 1179 2979 sideratis

169 2999 215 3065 ΡΙ
230 2995 349 3050 rabiosis
367 2994 461 3050 AFP
472 2995 512 3049 ed.
523 3013 568 3064 pr.
585 2996 658 3051 ouer.
677 2995 816 3050 babatiois
834 2997 861 3050 L
886 2998 890 3065 Ι
916 2996 1113 3064 quoquomodo
1131 3010 1177 3049 om.

169 3103 263 3158 LFP
275 3102 347 3157 cuir.
362 3104 371 3171 ΙΙ
387 3107 419 3155 12
438 3102 474 3156 de
486 3117 558 3156 vena
572 3085 755 3168 fflrticularum
768 3103 794 3156 F
809 3102 845 3156 de
864 3101 997 3156 auriculis
1015 3104 1043 3157 A
1057 3102 1097 3157 ed.
1107 3117 1152 3170 pr.

168 3176 361 3228 verumtamen
370 3173 409 3227 ed.
416 3190 460 3241 pr.
471 3175 499 3228 A
510 3172 582 3228 cuir.
593 3176 612 3227 t.
625 3191 676 3228 om.
688 3173 780 3228 LFP
790 3175 800 3244 11
815 3179 848 3227 13
861 3176 895 3227 ut
904 3190 953 3228 om.
965 3174 1005 3228 ed.
1011 3190 1056 3243 pr.
1072 3172 1163 3228 AFP

169 3245 204 3300 de
218 3262 268 3300 mn.
283 3246 310 3299 L
326 3245 330 3316 t
347 3245 448 3300 iace.
464 3245 631 3300 sLPFin
645 3246 717 3299 dae
731 3262 784 3299 ss.
799 3246 881 3314 parte
894 3246 922 3299 A
936 3244 1033 3314 odor.
1047 3247 1057 3314 ΙΙ
1071 3249 1105 3298 15
1118 3258 1176 3312 per-

169 3316 297 3384 quiretur
311 3358 316 3369 .
333 3358 338 3370 .
354 3316 498 3370 emittetur
516 3317 543 3370 L
556 3318 566 3398 [Ι
581 3323 613 3370 16
632 3317 714 3384 parte
732 3332 782 3370 om.
798 3316 891 3370 AFP
903 3316 942 3371 ed.
954 3333 999 3386 pr.
1014 3318 1023 3385 ΙΙ
1042 3320 1075 3369 1⁷
1095 3312 1175 3368 suffu-

169 3387 210 3440 sio
230 3386 356 3440 confusio
374 3388 402 3441 A
418 3389 422 3455 Ι
439 3386 578 3456 contingit
596 3386 636 3441 ed.
647 3403 692 3454 pr.
707 3385 771 3440 AF
788 3388 798 3456 ΙΙ
813 3392 845 3439 18
864 3389 967 3441 nocent
984 3404 1021 3439 m.
1036 3404 1072 3441 m.
1091 3384 1176 3452 deficit

169 3460 197 3512 L
213 3474 299 3527 usque
311 3457 350 3511 ad
367 3459 406 3511 ΙΙ
414 3461 452 3512 23
467 3462 472 3527 t
487 3457 532 3511 vel
550 3457 629 3510 aliud
642 3456 744 3509 vitium
757 3457 832 3525 quod
845 3474 871 3510 o.
885 3459 987 3512 noceat
999 3459 1032 3511 io
1044 3474 1098 3513 raa
1114 3454 1173 3522 M'!

169 3545 254 3582 venas
269 3571 274 3581 .
292 3570 298 3581 .
313 3527 419 3597 positas
438 3530 508 3582 PM
518 3544 585 3583 corr.
602 3526 651 3582 Μ’
664 3529 673 3595 ΙΙ
689 3531 721 3580 19
740 3526 776 3579 ab
795 3543 858 3596 ang.
874 3528 905 3582 F
918 3529 990 3583 Oltis
