2509 3892
165 146 231 211 226
606 142 743 199 VEGETI

166 316 291 390 impleat
309 332 404 372 nares,
447 310 537 372 Cuius
556 314 658 371 tamen
676 313 759 389 prius
778 313 879 372 oculos
897 312 1016 391 ligabis,
1035 331 1073 372 ne
1089 312 1177 372 medi·
1251 361 1252 364 ,

132 403 296 464 lcamenti
327 402 490 462 acerbitate
520 401 686 461 laedantur.
732 400 852 461 Herbae
884 420 1005 478 quoque
1038 402 1177 461 marrubii

165 493 340 552 fasciculum
372 510 463 567 quam
491 509 633 568 magnum
662 490 793 550 volueris
820 492 935 550 deteres
965 495 995 551 et
1022 509 1090 550 cum
1118 492 1179 551 oleo

166 586 197 641 et
218 583 288 640 vino
312 581 414 641 suoido
436 579 609 656 permisces,
633 579 737 638 addita
759 579 848 656 adipe
871 582 991 642 cervina
1013 582 1062 641 vel
1085 583 1112 641 si
1133 580 1178 638 de·

166 671 270 743 fuerit,
299 671 457 729 vervecina
484 687 575 745 quam
604 688 673 728 cum
697 686 764 728 cers
790 671 914 730 resolvis
944 675 975 730 et
1003 670 1076 729 dum
1102 673 1213 745 repe-s

131 761 280 821 dfactum
311 761 405 818 fuerit
438 757 477 817 ad
511 776 603 817 cornu
640 758 759 835 digeris.
808 757 1010 818 Gravissnnae
1042 757 1180 819 subvenit

165 849 253 923 tussi,
284 850 310 908 si
336 848 447 924 pilulas
476 846 607 923 cupressi
638 847 786 923 decoquas
817 852 848 906 et
875 866 984 926 purges
1014 848 1180 926 diligenter,

165 939 269 998 addita
286 936 417 1015 axungia
440 939 471 994 et
493 954 545 995 aro
566 935 681 995 Gallico
705 939 736 995 et
753 937 834 997 foliis
857 937 1055 996 tenerioribus
1072 937 1180 996 herbae

164 1029 345 1104 parietariae
367 1026 532 1085 contundes
554 1027 587 1083 in
610 1026 675 1102 pile
693 1028 723 1084 et
745 1026 883 1101 pastillos
907 1025 945 1085 ad
963 1026 1048 1085 nucis
1066 1026 1177 1104 magni·

163 1117 299 1176 tudinem
321 1116 425 1189 facias,
448 1132 523 1191 quos
546 1133 600 1190 per
621 1114 757 1173 triduum
778 1116 907 1190 impares
930 1116 963 1173 in
985 1114 1084 1189 melle,
1108 1115 1177 1186 oleo,
1190 1134 1211 1175 a

130 1208 234 1267 brino
257 1224 360 1282 passo,
388 1203 452 1264 ovis
475 1203 618 1263 intinctos
649 1203 765 1262 deicies.
807 1202 841 1262 Si
862 1204 963 1280 placet
991 1222 1047 1280 pro
1076 1203 1177 1280 pilulis
1253 1207 1254 1212 ’

165 1295 257 1354 etiam
279 1295 353 1352 folia
375 1294 508 1370 cupressi
535 1296 660 1351 contusa
687 1293 811 1351 miscere
840 1310 907 1350 oum
930 1293 1068 1352 omnibus
1093 1310 1179 1369 supra
1253 1287 1254 1290 ’

164 1385 297 1460 scriptis,
326 1386 412 1459 potes
442 1381 633 1457 liquidiorem
660 1381 756 1439 facere
781 1383 943 1458 potionem
973 1385 1003 1439 et
1030 1381 1103 1440 dare
1130 1400 1180 1457 per

164 1492 263 1533 cornu.
305 1472 353 1530 Ad
377 1489 478 1530 omnes
499 1473 596 1529 tusses
614 1470 706 1528 telem
729 1470 834 1529 dedere
857 1472 992 1547 plerique
1015 1472 1179 1547 potionem:

162 1561 313 1621 tracanthi
345 1580 411 1620 unc.
434 1559 459 1634 1,
486 1559 598 1636 piperis
629 1576 696 1617 unc.
719 1558 743 1633 Ι,
770 1559 901 1618 hermini
932 1561 1054 1619 seminis
1085 1559 1138 1618 lib.
1155 1557 1210 1632 Lu

165 1649 276 1709 cumini
292 1669 358 1708 unc.
377 1649 402 1723 1,
424 1667 543 1707 murrae
560 1667 625 1707 unc.
646 1648 670 1721 Ι,
689 1649 787 1724 spicae
805 1649 892 1707 nardi
911 1668 976 1708 unc.
995 1648 1011 1707 Ι
1034 1648 1178 1707 detrivere

163 1740 298 1799 sollerter
327 1742 448 1797 etcum
477 1737 593 1797 duobus
621 1739 759 1796 sextariis
785 1740 867 1814 passi
893 1756 947 1813 per
974 1736 1111 1796 triduum
1133 1737 1177 1795 de·

162 1829 272 1887 fudere.

267 1964 452 2034 CXXXII.
475 1966 530 2030 Ad
553 1965 664 2029 tussim
686 1965 800 2029 aecum
823 1964 869 2028 cel
890 1965 1072 2046 suspirium.

54 2071 200 2166 {Psssfflffi
247 2077 293 2136 Ad
317 2079 458 2136 arteriam
486 2079 692 2153 exasperatam
722 2079 753 2135 et
780 2075 818 2134 ad
841 2076 1005 2150 suspirium
1027 2075 1076 2135 vel
1100 2095 1209 2154 spes-a

200 2188 295 2227 mum:
323 2166 455 2243 hyssopi.
476 2167 526 2225 lib.
546 2165 574 2239 Ι,
597 2167 677 2225 faeni
708 2162 813 2225 Graeci
843 2164 940 2238 selib.‚
963 2166 1085 2224 seminis
1116 2166 1176 2238 lini,

161 2257 325 2331 tracanthi,
358 2256 532 2332 anagallici,
561 2258 648 2314 rutae
683 2254 787 2314 viridis
818 2252 911 2328 selib.‚
945 2254 1018 2313 salis
1050 2255 1176 2314 mediam

161 2347 311 2406 heminam
331 2347 462 2403 conteres
486 2348 517 2402 et
534 2363 630 2419 usque
650 2344 688 2403 ad
706 2346 811 2404 tertias
830 2343 976 2418 decoques
996 2361 1065 2402 cum
1081 2361 1175 2419 passo,

232 2486 248 2533 2
266 2479 324 2534 Pel.
340 2496 362 2532 ο.
379 2449 420 2532 es.
458 2486 474 2531 4
494 2477 550 2532 eu,
567 2494 588 2531 ο.
605 2483 647 2531 er.
686 2483 701 2530 e
720 2476 778 2531 Pel.
794 2494 816 2531 ο.
833 2481 875 2531 se.
921 2481 954 2531 14
973 2476 1031 2531 Pel.
1048 2493 1070 2530 ο.
1086 2481 1129 2532 ss.

161 2557 196 2605 20
215 2551 272 2605 Pel.
288 2568 310 2604 c.
326 2555 367 2603 96.

232 2681 332 2729 :lcum
351 2691 402 2728 ovo
422 2675 461 2727 ed.
474 2691 518 2743 pr.
533 2677 573 2743 114
592 2673 731 2727 admisces
749 2674 789 2728 ed.
800 2692 845 2744 pr.
860 2675 889 2728 A
909 2676 918 2742 n
941 2672 1177 2728 cverbeneoeem

159 2748 199 2802 ed.
210 2764 255 2816 pr.
272 2748 277 2814 Ι
294 2761 364 2815 quas
380 2746 407 2799 A
421 2762 471 2800 om.
487 2747 527 2799 ed.
537 2763 581 2813 pr.
599 2748 603 2814 Ι
619 2747 649 2798 et
663 2762 726 2798 cum
740 2745 839 2814 tepida
853 2745 891 2799 ad
905 2761 927 2799 c.
943 2745 983 2799 cd.
991 2762 1036 2814 pr.
1051 2746 1061 2814 ΙΙ
1077 2749 1091 2798 7
1106 2743 1177 2814 pilu·

159 2818 217 2871 lam
236 2816 263 2869 L
285 2819 295 2885 ΙΙ
318 2821 334 2868 8
354 2832 408 2869 ano
428 2814 459 2870 G.
475 2816 502 2869 L
520 2832 598 2870 armo
617 2815 649 2870 G.
666 2818 693 2871 A
713 2833 794 2887 anag.
810 2816 850 2871 ed.
860 2833 905 2885 pr.
937 2820 941 2886 Ι
971 2820 1001 2871 et
1019 2816 1081 2887 fol]
1100 2813 1177 2885 appii

159 2922 306 2977 tenerioris
320 2924 347 2977 A
361 2925 371 2992 ΙΙ
386 2926 419 2975 10
438 2938 489 2991 per
507 2924 540 2976 tr.
556 2922 582 2976 L
597 2923 655 2976 Pel.
676 2922 803 2990 quotidie
817 2924 857 2978 ed.
868 2941 913 2993 pr.
929 2925 956 2978 A
971 2924 977 2993 Ι
993 2904 1116 2993 impssies
1130 2921 1157 2975 L
1172 2919 1175 2991 Ι

160 3047 224 3084 cum
240 3047 276 3082 m.
293 3031 322 3084 et
340 3046 364 3084 ο.
385 3032 414 3084 et
431 3047 454 3081 v.
470 3029 510 3082 ed.
521 3047 566 3098 pr.
582 3032 610 3084 A
648 3031 658 3098 ΙΙ
696 3035 727 3083 11
748 3029 807 3084 ovis
826 3029 890 3101 int]
908 3008 942 3095 ult
959 3028 1106 3088 silbinctos
1125 3028 1177 3111 Li

161 3106 194 3155 15
217 3101 343 3170 traganti
360 3101 491 3169 myrrhae
515 3100 609 3169 spicae
635 3101 719 3154 nardi
745 3116 800 3155 ana
825 3100 921 3155 uncI
946 3100 986 3155 ed.
1006 3118 1061 3170 pa,
1079 3104 1107 3157 A
1129 3117 1176 3169 qus

155 3173 261 3297 pgrps't:
274 3172 322 3296 dpi
343 3172 398 3295 erge
417 3171 558 3297 defleriuos
581 3171 708 3226 solerunt
738 3173 748 3241 ΙΙ
781 3177 813 3226 17
833 3171 970 3226 defundes
988 3172 1016 3226 L
1039 3172 1174 3227 diffudere

157 3263 198 3298 e.
209 3261 253 3313 pr.
347 3261 366 3295 u
387 3259 433 3297 ere
843 3259 846 3266 ’

230 3319 263 3367 19
288 3314 326 3365 ad
351 3314 452 3366 tussim
476 3329 497 3368 s.
519 3312 563 3366 vel
587 3330 608 3367 s.
628 3315 658 3369 et
682 3314 720 3368 ad
745 3316 798 3368 art.
822 3315 967 3370 condocet
984 3314 1012 3368 L
1045 3318 1055 3384 11
1086 3319 1119 3369 20
1138 3312 1174 3369 ad

158 3385 310 3452 suspirium
329 3382 374 3436 vel
393 3382 516 3451 spatium
535 3385 563 3437 P
580 3401 653 3453 susp.
673 3385 719 3437 vel
737 3401 788 3439 om.
803 3386 844 3439 ed.
856 3402 899 3453 pr.
913 3387 942 3440 A
955 3388 965 3454 ΙΙ
979 3392 1012 3441 21
1032 3386 1052 3441 f.
1068 3385 1111 3441 Gr.
1126 3384 1173 3438 lib.

157 3452 185 3507 L
200 3456 204 3522 Ι
221 3469 286 3508 sem.
316 3452 369 3506 lini
386 3456 455 3507 trac.
470 3469 520 3506 om.
535 3453 561 3505 L
578 3457 588 3523 ΙΙ
606 3461 639 3508 22
659 3456 702 3508 ari
720 3454 751 3510 G.
767 3455 824 3511 Pel.
844 3454 971 3524 simphiti
989 3458 1018 3511 P
1028 3459 1038 3527 11
1052 3463 1085 3511 28
1102 3457 1176 3512 hem.

166 3523 305 3575 'imidiam
319 3524 358 3576 ed.
375 3541 419 3590 pr.
434 3524 505 3575 hem.
521 3540 541 3575 s.
556 3525 584 3577 P
597 3528 602 3593 Ι
617 3526 731 3578 tertiam
750 3527 790 3580 ed.
801 3542 846 3595 pr.
