2509 3892
419 171 559 227 1111οΜ.
577 172 591 225 1
609 177 652 240 45,
667 177 701 226 46
1020 171 1061 235 13

62 342 195 401 internae.
234 342 284 400 Ad
306 360 404 402 cossos
428 342 564 417 specialis
583 343 680 417 potio:
703 340 810 399 herbae
835 341 1099 400 chamaeleontis4

61 429 182 489 radicem
203 451 237 490 ex
261 450 340 506 aqua
364 431 402 489 ad
424 432 546 490 tertiam
569 431 713 505 decoquas
741 432 771 487 61
794 447 861 487 cum
884 431 1064 506 opopanacis

61 519 166 577 duabus
195 522 290 579 unciis
319 520 423 579 misces
453 538 488 577 ac
521 519 585 578 vini
615 519 736 577 hemina
765 521 795 576 et
822 518 861 576 ad
893 537 984 577 cornu
1013 540 1066 595 per

61 609 204 667 sinistimu
221 628 326 668 narem
339 609 484 667 infundes.
525 608 603 666 Item
620 607 680 665 alia
698 606 736 665 ad
754 607 927 666 lumbricos:
946 609 1065 668 seminis
1082 611 1100 668 5

40 698 200 756 scamandri
232 702 379 774 quantum
408 717 468 756 una
501 714 606 755 manus
642 698 752 772 ceperit
786 697 891 773 friges,
925 698 1067 756 nasturtii

62 805 170 862 quoque
194 787 314 845 seminis
337 787 515 846 tantundem
542 786 701 863 diligenter
722 788 813 860 teres,
842 804 917 861 quae
940 788 1067 861 utraque

63 892 121 932 cum
149 895 227 951 aqua
257 876 362 951 tepida
392 895 446 952 per
474 875 607 932 triduum
640 875 777 934 faucibus
807 875 952 933 infundes.
1006 868 1068 953 [Ad

62 965 185 1023 matricis
204 965 338 1023 dolorem
356 965 551 1023 medicamen:
571 963 657 1022 aloen
676 966 832 1039 epaticam,
850 965 1003 1037 masticem,
1021 982 1068 1021 ca-

65 1055 197 1130 storeum,
231 1055 312 1111 lauri
339 1053 442 1128 bacas,
476 1054 694 1111 ammoniacum
726 1072 792 1112 cum
821 1055 892 1111 vino
922 1055 953 1110 et
981 1052 1069 1109 melle

35 1159 54 1197 1o
63 1143 148 1201 mittis
170 1145 203 1200 in
227 1143 319 1201 ollam
343 1145 372 1201 61
393 1142 502 1200 bullita
527 1143 636 1200 atteras
660 1141 802 1218 dabisque
825 1142 863 1200 ad
885 1134 1069 1219 bibendum]

280 1350 405 1415 XLVI.
428 1350 479 1415 De
502 1350 663 1415 6616616616
684 1351 839 1415 tumeatis.

123 1478 154 1538 Si
178 1480 259 1556 quod
277 1482 444 1539 iumentum
463 1481 644 1538 calculosum
661 1480 761 1555 fuerit,
783 1480 856 1538 haec
879 1481 965 1557 signa
988 1494 1149 1538 mon-111⁸
1165 1492 1233 1533 som.

66 1567 174 1628 strabit:
194 1572 360 1645 torquetur,
379 1570 480 1647 gemit,
499 1568 632 1628 extendit
650 1587 680 1628 se
695 1568 733 1627 ad
752 1571 892 1628 conatum
910 1568 1072 1647 mingendi,

67 1657 151 1716 stillat
173 1662 326 1718 veretrum
345 1660 407 1718 eius
431 1660 525 1737 guttis
550 1661 580 1717 et
597 1660 715 1716 urinam
738 1658 886 1717 modicam
909 1660 1014 1732 mittit,
1037 1677 1072 1716 ex

37 1744 143 1819 opleno
174 1750 310 1826 mingere
341 1767 401 1807 non
433 1750 544 1823 potest3
583 1748 662 1823 quod
694 1747 802 1806 cotidie
834 1749 957 1825 patitur.
1014 1746 1072 1806 sed

66 1833 227 1897 huiusmodi
255 1838 365 1896 vitium
393 1839 503 1896 teneris
534 1836 682 1895 aetatibus
713 1837 886 1913 plerumque
916 1838 1072 1915 contingit,

66 1924 135 1996 quod
156 1929 201 1987 sic
222 1928 369 1986 invenies:
392 1927 502 2004 digitos
526 1924 564 1983 ad
581 1927 755 1984 interiorem
778 1929 894 2002 partem
917 1928 1019 1985 mittes
1042 1928 1106 1987 612

68 2029 83 2066 a
107 2017 216 2075 cervice
245 2017 362 2075 vesicae
392 2015 445 2075 sub
475 2017 541 2091 ipso
571 2033 628 2072 ano
659 2015 697 2073 ad
728 2015 941 2092 hypotaurium
970 2035 1072 2074 versus

67 2101 194 2177 palpabis
223 2104 326 2181 digitis
357 2106 387 2162 et
416 2105 562 2163 calculum
591 2103 635 2161 ibi
664 2105 805 2164 invenies.
851 2103 935 2173 Quod
965 2106 1073 2163 vitium

39 2186 179 2252 adfficsse
210 2196 339 2252 curatur.
384 2193 463 2251 Nam
492 2193 643 2251 interdum
672 2193 765 2252 nimio
798 2195 951 2252 conamine
981 2211 1073 2269 prope

67 2274 156 2352 ipsum
170 2302 262 2339 anum
280 2283 380 2342 vesica
398 2282 593 2358 disrumpitur
611 2284 641 2340 61
659 2283 766 2340 lotium
780 2302 834 2358 per
852 2301 943 2340 anum
962 2283 1074 2339 emittit

69 2369 95 2423 et
120 2371 204 2444 quasi
234 2390 344 2448 aquam
378 2371 543 2429 assellatur.
592 2370 722 2447 Ideoque
755 2372 853 2430 missis
888 2370 991 2445 digitis
1021 2388 1074 2445 per

69 2468 272 2481 S—

132 2510 144 2556 1
164 2505 200 2559 cf.
215 2505 273 2559 Pel.
289 2522 313 2558 c.
329 2509 389 2558 502.
480 2511 497 2558 4
515 2503 573 2558 Pel.
589 2521 611 2557 c.
627 2509 686 2557 504.
781 2510 813 2556 12
833 2502 905 2558 Chir.
921 2519 943 2557 c.
959 2508 1018 2556 228.

71 2575 98 2623 21
116 2573 186 2631 Ohir.
202 2594 225 2630 c.
240 2582 300 2631 229.

133 2706 145 2752 1
166 2717 188 2754 c.
204 2704 233 2756 61
247 2700 399 2754 lumbricos
413 2701 452 2754 cd.
464 2718 509 2769 pr.
535 2702 539 2769 1
562 2698 666 2755 herbae
680 2716 730 2754 om.
746 2702 773 2754 A
791 2703 801 2770 11
822 2707 837 2754 2
856 2699 915 2754 rad.
931 2716 965 2753 ex
983 2715 1007 2753 a.
1023 2716 1073 2753 om.

70 2765 108 2847 Pl
122 2771 151 2823 in
164 2772 225 2827 oleo
241 2774 270 2827 61
284 2788 358 2840 aqua
372 2772 490 2840 (166Ρ11
505 2777 521 2825 3
536 2772 679 2825 heminam
689 2773 760 2843 culp.
776 2775 815 2843 114
831 2770 965 2825 diffundis
980 2772 1020 2826 cd.
1027 2789 1072 2839 pr.

71 2838 185 2897 infundis
199 2845 264 2899 AF
277 2847 281 2912 1
297 2844 366 2898 itam
382 2843 439 2897 alia
452 2860 502 2898 om.
513 2843 578 2897 AF
589 2842 646 2897 alia
661 2861 711 2898 om.
722 2846 750 2898 P
764 2848 767 2913 1
784 2860 879 2899 semen
893 2845 921 2897 A
934 2845 943 2912 11
958 2847 973 2895 5
987 2858 1073 2896 manu

72 2907 94 2960 P
113 2912 117 2982 1
139 2912 239 2986 fringis
258 2916 286 2969 A
308 2917 317 2984 11
341 2920 356 2967 7
376 2915 406 2967 in
424 2914 443 2968 f.
458 2915 487 2968 P
510 2919 513 2982 1
538 2914 665 2968 infundis
684 2917 745 2970 FA
764 2918 807 2985 (ac
820 2918 874 2984 aa)
897 2916 906 2983 11
930 2919 945 2966 7
965 2932 1000 2968 ss.
1014 2915 1074 2969 sola

72 2977 140 3037 laba
156 2987 196 3041 ed.
206 3005 252 3056 pr.
270 2989 274 3054 1
290 2990 306 3039 8
326 2985 388 3039 aloe
407 2985 550 3055 epaticum
563 2987 602 3055 119
622 3002 686 3039 cum
704 2988 768 3041 add.
786 2987 866 3041 Geso.

133 3062 164 3110 12
182 3058 380 3111 monstrabunt
398 3059 437 3111 cd.
448 3074 493 3126 pr.
508 3059 518 3127 11
533 3063 565 3110 13
584 3059 750 3125 torquentur
767 3058 815 3126 Fl
831 3058 926 3127 gemet
943 3057 1075 3110 extendat

73 3123 106 3176 td·
116 3144 156 3194 pr.
171 3130 235 3185 AF
246 3132 255 3199 11
270 3135 304 3182 14
322 3131 418 3198 guttas
437 3130 464 3182 P
477 3130 550 3184 coir.
568 3131 571 3198 1
588 3131 617 3183 61
634 3146 676 3182 ur.
691 3147 727 3181 m.
743 3129 803 3183 FP
817 3129 967 3183 materiam
985 3127 1074 3180 modi-

75 3201 175 3253 cumea
181 3218 225 3270 pr.
234 3205 260 3255 A
273 3200 432 3269 (modicam)
449 3200 453 3272 1
469 3199 561 3254 mittit
570 3200 677 3255 Pota
688 3198 871 3271 mingitculg.
886 3201 895 3269 11
911 3204 943 3253 15
954 3202 982 3253 61
991 3198 1074 3268 plene

73 3266 106 3320 td.
116 3287 157 3337 pr.
171 3273 232 3327 FA
250 3274 289 3342 (·e
306 3289 340 3327 ac
357 3275 428 3338 um)
447 3288 482 3325 ex
500 3271 584 3340 pleno
603 3273 632 3326 P
643 3273 651 3341 11
672 3276 704 3325 16
723 3272 821 3326 eiusm.
836 3273 864 3325 P
884 3274 893 3340 11
917 3276 948 3324 17
969 3270 1074 3340 digitos

75 3339 156 3396 AFP
168 3345 241 3400 clau,
256 3360 371 3397 manum
390 3344 430 3397 ed.
441 3360 486 3412 pr.
504 3347 508 3412 1
525 3342 560 3397 ab
575 3343 703 3397 interiori
717 3344 798 3411 parte
812 3343 875 3396 AF
886 3341 923 3395 ad
941 3341 1075 3396 interiora

75 3413 146 3474 lario
162 3417 190 3469 P
212 3419 216 3486 1
241 3416 339 3469 mittas
357 3417 385 3469 A
399 3415 437 3468 -is
451 3415 482 3469 F
500 3416 510 3484 11
535 3420 567 3468 18
586 3414 841 3483 hippocentaurum
859 3413 899 3466 ed.
912 3430 954 3479 pr.
970 3412 998 3465 A
1012 3411 1075 3480 (ip)

78 3477 202 3540 Fversua
220 3488 423 3555 ypocentarum
441 3487 469 3540 P
493 3488 503 3553 11
530 3491 564 3537 22
584 3488 613 3538 61
631 3485 712 3553 quasi
732 3498 835 3550 aquam
854 3482 942 3534 asella
960 3484 990 3535 F
1006 3497 1073 3533 corr.

79 3549 140 3607 Ulia
154 3560 181 3610 et
195 3559 276 3627 quasi
291 3573 394 3626 aquam
405 3559 533 3625 AP(om.
545 3559 582 3624 et)
598 3558 626 3609 61
641 3573 666 3622 q.
679 3570 769 3623 aquae
784 3551 969 3604 adsimulatur
982 3551 1021 3601 ed.
1029 3566 1073 3615 pr.
