2509 3892
419 184 559 239 nvaou.
578 184 604 237 11
622 189 665 252 ee,
680 189 713 238 er
1011 184 1073 248 177

11 333 12 348 ¹
65 355 183 428 nitrum,
205 353 294 412 bacas
317 354 396 412 lauri
419 355 522 428 aequis
540 352 732 428 ponderibus:
755 356 843 411 1111111
861 356 961 412 omnia
984 356 1074 429 atque

64 443 192 502 cribrata
221 443 291 501 vino
319 460 437 518 quoque
470 444 565 501 veteri
594 444 623 500 et
651 442 716 499 oleo
747 441 882 501 miscebis
913 462 980 501 cum
1008 462 1075 501 san-

64 534 150 610 guine
179 532 281 608 ipsius.
323 531 388 600 Qua
417 533 556 590 unctione
585 532 766 607 praeparata
794 534 863 607 post
892 531 1074 591 inflationem

11 621 12 630 ’
63 621 189 680 inlinies.
242 619 351 679 Coram
377 620 487 695 calida,
513 622 544 677 in
573 638 633 695 qua
656 619 800 679 verbenae
829 619 966 679 decoctae
996 622 1074 695 sunt,

42 711 238 786 sinterposito
268 709 367 768 triduo
398 708 563 768 diutissime
594 708 776 784 confovebis,
807 711 877 784 post
904 711 1075 768 unctionem

63 799 225 858 renovabis.
271 796 304 855 Si
327 818 362 856 ex
385 799 441 857 hae
458 817 490 855 re
513 797 633 874 plenam
656 816 716 856 non
738 799 883 873 receperit
906 798 1109 872 sanitatem,4

63 887 157 946 mittis
187 907 256 946 eum
289 889 323 945 in
352 887 433 946 sudis
466 888 496 945 et
525 890 594 962 post
625 888 786 945 sanitatem
820 888 978 946 vulnerum
1007 905 1074 946 ures

65 980 180 1036 cautere
201 977 317 1051 inipso
336 975 484 1034 vertibula
503 975 657 1050 similiter,v
673 978 707 1033 ut
725 975 756 1033 in
775 977 897 1035 sciatica
920 975 983 1034 fieri
1007 994 1074 1034 con-

64 1067 166 1124 suevit.
202 1064 400 1140 Quaecunque
421 1065 521 1123 autem
538 1064 575 1122 de
592 1067 709 1123 essenis
729 1067 892 1139 ceterisque
906 1065 988 1124 vitiis
1004 1068 1074 1123 arti·

34 1155 197 1213 oculorum
220 1155 268 1213 vel
286 1154 322 1212 de
341 1154 460 1231 ungulis
478 1155 614 1229 priorum
636 1153 745 1228 pedum
768 1153 848 1212 dicta
871 1155 948 1230 sunt,
972 1155 1075 1213 eadem

65 1243 136 1303 scias
160 1243 251 1302 etiam
273 1245 306 1301 in
328 1242 542 1319 posterioribus
565 1242 670 1301 debere
694 1244 814 1302 servari.

66 1450 281 1515 LXXXVII.
305 1450 355 1516 Dc
377 1452 480 1517 morbo
499 1450 634 1515 alienato
653 1472 690 1514 cc
708 1473 766 1532 quo
787 1453 899 1533 refecto
917 1451 1075 1515 animatio

473 1550 658 1613 moriuntur.

126 1670 301 1728 Alienatum
322 1669 459 1728 morbum
482 1672 616 1728 auctores
642 1673 834 1744 vocaverrmt,
862 1671 1000 1746 quotiens
1032 1661 1178 1757 lvlffiflff·

34 1778 54 1819 11
65 1757 133 1818 haec
156 1760 243 1836 signa
263 1758 440 1835 procedunt:
462 1761 599 1835 patentes
622 1759 722 1817 oculos
745 1759 857 1818 animal
880 1758 1002 1819 habebit

65 1866 115 1907 nec
142 1850 253 1907 sentiet
281 1848 409 1907 hominis
440 1849 612 1949 adventum3
643 1847 749 1922 quibus
779 1850 809 1906 et
838 1848 919 1907 labia
948 1850 1016 1907 et
1007 1867 1074 1923 rpsa

9 1949 10 1994 1
66 1937 175 1996 crificia
194 1938 404 2012 intumescunt,
424 1938 510 2012 quasi
528 1937 565 1995 ab
585 1937 688 2012 aliqua
708 1917 835 1996 bestiola
854 1939 985 1997 contacti
1005 1938 1073 1996 sint.

9 2003 10 2078 1
66 2023 157 2093 Quem
179 2025 317 2083 morbum
339 2027 392 2084 alii
415 2028 550 2085 auctores
574 2025 698 2084 arabum
725 2029 978 2101 nuncupaverunt.
1020 2026 1107 2085 Esus

9 2143 10 2176 1
66 2117 163 2174 autem
184 2115 367 2190 nequissima
389 2116 502 2190 passio,
524 2115 654 2190 primum
678 2114 758 2189 quod
780 2114 921 2189 pestifero
944 2117 1074 2174 transitu

133 2291 167 2338 14
187 2283 260 2338 Chir.
276 2301 298 2338 c.
315 2290 374 2338 312.

133 2451 148 2498 1
167 2445 274 2497 nitrum
292 2461 341 2498 om.
357 2445 384 2498 A
410 2446 414 2512 1
440 2446 576 2497 contunsa
594 2444 634 2497 cd.
647 2462 691 2511 pr.
707 2444 734 2497 A
759 2447 763 2511 1
789 2441 883 2496 omnia
901 2442 1074 2512 pulverizata

66 2531 126 2569 cum
142 2516 208 2570 vino
226 2534 251 2569 v.
267 2513 328 2569 oleo
347 2517 376 2568 et
394 2514 530 2585 sanguine
548 2515 566 2569 1.
581 2514 667 2567 misce
687 2516 715 2568 P
743 2517 752 2584 11
786 2513 917 2567 4111111111
935 2515 974 2568 ed.
987 2531 1031 2583 pr.
1047 2515 1075 2568 A

67 2602 158 2694 inlinis
177 2639 205 2693 L
223 2638 300 2693 illius
319 2640 409 2695 Samb.
444 2643 448 2706 1
482 2655 579 2693 coxam
603 2638 725 2692 calidam
744 2638 770 2691 L
790 2654 872 2692 conas
891 2637 984 2691 calida
1002 2639 1073 2710 culp.

68 2726 137 2779 aqua
155 2727 178 2765 c.
193 2711 224 2763 in
238 2727 294 2778 qua
307 2710 428 2765 verbena
443 2710 468 2764 d.
485 2711 522 2763 111
537 2726 634 2763 coxam
652 2710 745 2764 triduo
762 2709 869 2764 fovebis
884 2711 912 2763 P
923 2712 962 2779 111
980 2709 1074 2763 triduo

66 2798 98 2836 ea
119 2782 270 2852 quatriduo
289 2781 315 2834 L
354 2784 358 2851 1
395 2784 502 2850 post-
515 2788 547 2835 11
567 2782 670 2835 servari
689 2799 739 2836 ora.
755 2783 783 2835 P
816 2783 825 2851 11
861 2787 876 2835 6
897 2781 1075 2851 1111111111

68 2858 81 2904 ‘1
99 2854 188 2907 mittis
200 2853 394 2907 -sanitatem
416 2869 467 2907 om.
486 2853 526 2906 ed.
541 2869 586 2921 pr.
602 2854 629 2906 A
647 2853 738 2906 mittis
761 2853 787 2906 ei
811 2853 887 2906 sudis
906 2852 933 2905 L
950 2871 986 2905 m.
1011 2869 1075 2906 eum

67 2923 94 2976 in
111 2924 228 2979 sudibus
249 2925 321 2979 cair.
348 2927 352 2992 1
374 2924 474 2977 vulnus
492 2924 550 2977 uris
569 2925 609 2978 ed.
623 2942 666 2992 pr.
681 2927 709 2978 A
729 2928 738 2993 11
759 2930 774 2977 8
794 2923 917 2978 cauterio
936 2926 976 2978 ed.
987 2942 1031 2993 pr.
1048 2925 1075 2978 A

68 2995 122 3049 sim.
138 2996 271 3066 scyaticis
290 2994 309 3048 f.
325 3012 346 3048 c.
362 2996 401 3050 ed.
414 3013 458 3065 pr.
477 2995 537 3049 sim.
556 2997 589 3048 ut
607 2995 679 3049 scias
699 2996 781 3064 (sciat
801 2997 836 3064 G)
854 2994 930 3063 quod
948 2993 967 3048 f.
983 3012 1006 3048 c.
1022 2996 1050 3049 A
1066 2995 1077 3066 11

68 3072 82 3119 1
99 3070 193 3122 autem
207 3084 257 3121 om.
273 3066 300 3119 L
322 3067 326 3135 1
347 3067 459 3121 ozaenie
469 3098 502 3106 —
512 3066 590 3120 vitiis
606 3084 657 3120 om.
673 3066 699 3119 L
712 3067 757 3135 (de
776 3066 966 3135 articulorum)
990 3070 994 3134 1
1019 3066 1075 3119 ozi-

68 3138 116 3193 mis
129 3140 157 3194 A
171 3141 180 3207 11
197 3143 230 3191 10
248 3137 400 3207 primorum
414 3139 453 3192 ed.
466 3155 510 3207 pr.
527 3143 531 3204 1
548 3154 621 3191 nuno
640 3137 666 3191 d.
683 3155 703 3191 s.
718 3139 758 3192 cel.
769 3155 813 3206 pr.
829 3139 856 3192 A
879 3141 883 3205 1
906 3137 1005 3191 eadem
1023 3154 1074 3191 om.

98 3228 167 3335 piru
187 3279 294 3333 infecta
311 3281 350 3334 ed.
361 3298 406 3349 pr.
427 3279 550 3334 arefecta
568 3281 596 3333 P
620 3283 629 3349 11
658 3285 691 3333 11
709 3280 881 3348 praecedunt
899 3279 925 3332 L
955 3282 959 3345 1
989 3277 1075 3331 habet

68 3367 114 3404 nee
132 3352 220 3407 sentit
237 3352 277 3405 ed.
287 3369 332 3420 pr.
347 3353 374 3406 A
400 3354 409 3419 11
440 3356 472 3404 16
491 3350 571 3404 labra
590 3352 629 3405 ed.
643 3368 686 3419 pr.
719 3353 728 3421 11
761 3356 792 3403 17
812 3349 1075 3419 quasi-morbum

67 3437 114 3476 om.
128 3426 156 3478 P
194 3427 199 3492 1
238 3423 374 3476 contracti
401 3422 457 3476 sint
475 3422 502 3475 L
521 3422 658 3476 contactis
681 3422 710 3475 in
734 3438 817 3490 quem
839 3440 875 3474 m.
896 3423 923 3475 A
944 3422 1074 3474 contacta

68 3494 232 3564 1111118
251 3494 367 3547 arabum
386 3494 478 3549 LAP
490 3494 607 3548 orabum
620 3494 660 3548 ed.
669 3511 712 3563 pr.
732 3492 842 3546 aridum
860 3491 949 3546 Samb.
967 3496 970 3558 1
987 3492 1030 3542 est
1040 3522 1073 3529 -

67 3564 788 3635 11171121111111111111.Ρ1119ρι11110111.ρν.1

118 3663 240 3703 Vrorrtus
254 3664 288 3704 od.
302 3663 460 3703 Ironrmatzsen
880 3672 911 3721 12
