2509 3892
430 180 570 236 Mvnou.
589 182 602 234 1
622 187 664 248 13,
680 187 713 238 14
1036 181 1079 245 29

80 352 183 428 optimo
219 353 263 411 ita
299 354 334 410 ut
363 351 489 430 singulis
523 350 626 410 diebus
663 370 716 426 per
749 351 910 410 sextarium
939 350 1004 410 vini
1032 352 1080 410 uel

81 459 167 517 aquae
187 441 304 517 tepidae
327 442 406 500 cocti
426 439 573 517 praedicti
594 439 798 499 medicaminis
826 440 945 520 singula
966 439 1081 500 maiora

81 531 213 591 coclearia
237 531 329 608 plena
358 532 388 589 et
419 529 571 589 cumulata
603 530 807 603 commisceas,
839 532 870 587 et
897 549 951 605 per
980 530 1080 590 fauces

81 618 203 698 degeres:
221 622 255 678 ut
274 618 505 680 amaritudinem
522 617 619 678 morbi
637 617 797 678 herbarum
816 617 984 679 amaritudo
1003 637 1080 678 com·

48 727 205 787 opugnans
226 711 322 786 possit
344 709 499 784 expellere.

297 916 393 981 XIV.
420 915 506 982 Oura
527 917 628 981 morbi
648 916 855 999 farciminosc'.

140 1046 354 1106 Farciminosus
385 1049 485 1105 autem
514 1046 636 1106 morbus
671 1045 711 1105 ad
738 1045 966 1106 similitudinem
995 1046 1084 1103 farci-

79 1136 161 1196 minis
182 1136 349 1213 appellatus
372 1139 431 1211 est,
461 1135 532 1211 quia
553 1137 638 1195 velut
663 1135 772 1195 fistulis
799 1134 978 1211 quibusdam
1005 1136 1085 1193 inter

81 1226 171 1284 cutem
197 1229 227 1284 et
256 1244 376 1285 carnem
398 1226 554 1302 corruptus
579 1226 686 1284 humor
712 1227 832 1284 emanat
859 1228 890 1284 et
910 1243 965 1300 per
986 1226 1085 1282 totum

42 1333 67 1371 ιο
80 1330 177 1391 corpus
199 1314 387 1377 collectiones
406 1314 551 1391 plurimas
574 1315 657 1388 facit,
680 1316 711 1374 et
729 1314 797 1373 aliis
819 1314 904 1373 velut
924 1314 1084 1373 minuenti·

80 1401 131 1462 bus
153 1404 225 1463 aliae
248 1421 368 1463 narsum
385 1405 556 1463 nascuntur.
601 1403 684 1464 Haec
702 1404 801 1479 passio
819 1404 891 1463 licet
910 1401 1118 1481 contagiosa2

79 1493 127 1566 sit,
146 1493 259 1553 facilius
289 1495 391 1551 tamen
420 1493 498 1552 inter
526 1492 674 1569 principia
702 1493 835 1566 curatur,
865 1493 937 1568 quia
965 1494 1085 1551 interna

80 1599 175 1639 eorum
200 1581 298 1642 adbuc
326 1599 400 1640 sana
422 1583 506 1657 sunt,
533 1581 585 1641 sed
608 1584 765 1658 corruptus
794 1581 901 1640 humor
923 1600 959 1641 ex
981 1580 1083 1640 morbo

79 1668 153 1729 inter
178 1690 297 1731 carnem
327 1672 483 1747 cutemque
510 1673 659 1731 versatum
700 1671 779 1730 Huic
808 1673 909 1731 tamen
937 1672 971 1728 in
996 1671 1084 1729 initio

44 1777 67 1816 us
80 1759 292 1834 tantummodo,
320 1761 482 1835 antequam
510 1760 638 1838 incipiat
665 1778 843 1834 mucescere,
875 1761 928 1818 aut
956 1761 989 1817 in
1017 1759 1085 1833 fine,

79 1866 143 1905 cum
162 1850 221 1908 iam
243 1849 318 1909 bene
340 1850 433 1908 fuerit
449 1852 635 1926 reparatum,
664 1849 863 1910 detrahendus
886 1851 932 1908 est
953 1850 1084 1928 sangum.

79 1935 153 1995 Nam
173 1938 203 1997 in
232 1938 332 1997 media
354 1939 491 2015 passione
520 1939 546 1998 si
575 1938 734 1998 flebotomo
763 1940 810 1997 uti
837 1940 916 1998 circa
943 1958 1011 1998 eum
1034 1935 1119 1997 vo-3

79 2024 176 2101 lucris,
204 2029 360 2105 aegrotum
383 2028 495 2086 animal
518 2027 654 2088 evirabis.
701 2027 759 2087 Sed
786 2028 975 2088 collectiones
998 2046 1085 2104 quas-

79 2133 188 2191 cunque
211 2118 329 2191 fecerit‚
358 2117 439 2175 inun'
459 2118 549 2176 rectis
572 2117 712 2176 cauteriis
734 2118 885 2191 convenit3
913 2119 944 2177 et
966 2119 1001 2175 ut
1023 2116 1085 2176 effi-

148 2363 179 2411 19
198 2356 271 2412 Chir.
288 2374 310 2411 c.
327 2362 378 2411 364
397 2357 432 2411 cf.
449 2362 508 2411 181.

148 2578 162 2625 1
181 2570 287 2640 optimo
301 2588 352 2626 om.
367 2572 395 2625 P
408 2572 412 2642 1
428 2571 482 2642 ita]
498 2570 578 2624 dabis
592 2570 634 2624 ita
648 2572 676 2625 P
689 2570 770 2624 dabie
784 2570 823 2624 ed.
834 2588 879 2640 pr.
894 2573 903 2640 11
917 2576 934 2624 t
949 2569 1021 2624 cocti
1035 2586 1085 2625 om.

83 2641 168 2699 AFP
183 2642 323 2712 praedicti
341 2658 392 2697 om.
407 2643 460 2698 LS
480 2643 484 2713 1
506 2641 573 2699 cccl.
593 2642 702 2696 maiora
719 2642 838 2697 misceas
856 2644 885 2697 P
899 2660 987 2696 unum
1005 2642 1087 2697 coch-

83 2709 197 2841 lelarinr}J
207 2713 299 2768 mains
312 2731 348 2769 m.
365 2716 403 2769 M
410 2716 455 2784 Vll
468 2719 485 2767 4
504 2713 616 2784 digeras
630 2716 662 2770 F
676 2714 718 2770 cd.
729 2731 773 2783 pr.
792 2714 929 2769 immittas
943 2716 971 2769 P
982 2717 992 2785 11
1006 2721 1021 2769 5
1041 2731 1088 2769 ex-

83 2798 153 2851 pore

148 2860 162 2908 7
181 2872 199 2909 a
212 2874 233 2910 s.
244 2856 307 2911 AF
318 2856 357 2912 ed.
370 2873 413 2925 pr.
428 2858 438 2924 11
452 2861 468 2910 8
482 2855 501 2911 f.
512 2874 538 2925 q.
554 2856 639 2912 SLP
650 2873 701 2926 per
714 2855 733 2911 f.
749 2876 775 2927 q.
790 2859 854 2912 AF
864 2857 904 2912 ed.
917 2874 960 2927 pr.
975 2861 985 2928 1
999 2864 1014 2912 9
1029 2875 1087 2913 cor-

84 2929 174 2995 mptns
185 2945 235 2983 om.
246 2928 339 2983 AFP
349 2930 359 2997 11
374 2932 407 2982 10
420 2927 612 2983 munientibus
626 2931 655 2984 P
665 2930 675 2997 11
690 2935 722 2982 11
737 2928 826 3012 Haec]
836 2929 886 2983 scd
900 2931 962 2985 AF
973 2931 1014 2985 cd.
1025 2948 1069 3000 pr.
1082 2931 1086 3002 1

86 2999 276 3078 contagionosa
290 2999 318 3053 A
330 3001 340 3068 11
355 3005 387 3053 12
401 2999 432 3052 in
445 2999 584 3068 principio
598 3001 692 3055 AFP
706 3000 710 3071 1
726 3000 870 3055 curabrtnr
883 3002 922 3055 ed.
934 3018 979 3070 pr.
997 3002 1001 3072 1
1017 3002 1090 3056 inte-

87 3083 152 3123 nora
167 3073 195 3126 P
214 3073 225 3140 1
248 3075 281 3124 13
300 3086 334 3124 cx
351 3070 448 3125 morbo
471 3088 521 3126 om.
537 3072 565 3126 P
588 3073 599 3140 1
627 3076 661 3125 14
679 3070 753 3126 inter
771 3088 794 3126 c.
814 3075 843 3126 ct
861 3075 955 3126 cutem
972 3075 1000 3128 P
1015 3073 1090 3128 inter

89 3142 169 3196 cutem
187 3144 216 3196 et
234 3158 257 3196 c.
272 3142 336 3197 AF
347 3142 387 3197 cd.
398 3159 443 3210 pr.
466 3144 470 3211 1
495 3145 611 3196 vexatur
629 3144 658 3197 P
680 3145 684 3211 1
708 3142 739 3195 in
757 3159 808 3198 om.
825 3144 886 3198 GF
902 3143 988 3198 ctiam
1006 3144 1089 3199 initio

88 3214 227 3281 antequam
241 3215 269 3267 P
279 3215 289 3283 11
304 3217 337 3268 15
356 3228 467 3267 carnem
484 3212 604 3282 incipiat
617 3215 649 3269 F
662 3216 666 3282 1
682 3230 852 3269 marcescere
865 3215 959 3270 AFP
975 3217 1014 3271 ed.
1022 3231 1070 3285 pr.
1083 3216 1087 3287 1

89 3278 161 3338 finem
178 3284 267 3354 81116
285 3284 344 3338 iam
361 3301 412 3340 om.
427 3285 454 3339 L
469 3286 474 3353 1
489 3287 636 3354 reparatus
653 3287 680 3341 L
697 3288 887 3355 temperatum
900 3286 963 3341 AF
974 3290 983 3357 11
999 3293 1030 3341 17
1050 3290 1090 3342 sic

91 3349 141 3409 FL
152 3354 340 3424 (flebotomum
352 3373 380 3410 u.
391 3372 413 3409 c.
425 3372 448 3410 e.
463 3355 488 3410 si
501 3358 537 3425 v.)
547 3359 575 3411 P
585 3356 671 3426 (circa
685 3356 795 3426 ipsum).
814 3357 975 3412 flebotomia
988 3376 1015 3412 n.
1026 3376 1051 3412 v.
1062 3358 1090 3412 A

92 3422 124 3475 td.
133 3442 174 3494 pr.
191 3428 201 3496 11
220 3432 252 3481 18
271 3427 392 3482 cvirabis
411 3428 438 3482 L
452 3427 526 3483 otc.
546 3427 687 3496 peiorabis
705 3429 740 3482 A.
760 3445 817 3482 non
835 3427 946 3481 curabis
965 3429 1026 3482 FP
1041 3445 1090 3481 ne-

93 3508 219 3624 dimid
241 3515 263 3554 c.
282 3498 324 3554 ed.
340 3516 383 3568 pr.
400 3498 404 3571 1
421 3497 471 3552 sed
489 3498 513 3553 si
532 3514 555 3553 c.
570 3499 597 3553 L
618 3499 628 3567 11
653 3504 686 3551 19
704 3513 784 3552 urere
802 3498 848 3567 ΡΙ
865 3496 1024 3550 cauteribus
1043 3498 1065 3551 S
1084 3497 1087 3565 1

132 3583 177 3624 orn.
