<?xml version="1.0" encoding="UTF-8"?>
<!DOCTYPE html PUBLIC "-//W3C//DTD XHTML 1.0 Transitional//EN"
    "http://www.w3.org/TR/xhtml1/DTD/xhtml1-transitional.dtd">
<html xmlns="http://www.w3.org/1999/xhtml" xml:lang="en" lang="en">
 <head>
  <title>
</title>
<meta http-equiv="Content-Type" content="text/html;charset=utf-8" />
  <meta name='ocr-system' content='tesseract 3.04.00' />
  <meta name='ocr-capabilities' content='ocr_page ocr_carea ocr_par ocr_line ocrx_word'/>
</head>
<body>
  <div class='ocr_page' id='page_1' title='image "./pvegetirenatidi00lommgoog/pvegetirenatidi00lommgoog_0146.png"; bbox 0 0 2509 3892; ppageno 0'>
   <div class='ocr_carea' id='block_1_1' title="bbox 182 187 754 268">
    <p class='ocr_par' dir='ltr' id='par_1_1' title="bbox 182 187 754 268">
     <span class='ocr_line' id='line_1_1' title="bbox 182 187 754 268; baseline 0.002 -30"><span class='ocrx_word' id='word_1_1' title='bbox 182 187 225 268; x_wconf 79' lang='lat'>92</span> <span class='ocrx_word' id='word_1_2' title='bbox 618 187 754 241; x_wconf 82' lang='lat' dir='ltr'>vnanrr</span> 
     </span>
    </p>
   </div>
   <div class='ocr_carea' id='block_1_2' title="bbox 180 354 1191 699">
    <p class='ocr_par' dir='ltr' id='par_1_2' title="bbox 180 354 1191 699">
     <span class='ocr_line' id='line_1_2' title="bbox 181 354 1191 429; baseline 0.001 -18"><span class='ocrx_word' id='word_1_3' title='bbox 181 373 246 412; x_wconf 89' lang='lat' dir='ltr'>unc.</span> <span class='ocrx_word' id='word_1_4' title='bbox 265 354 289 427; x_wconf 97' lang='lat' dir='ltr'>I,</span> <span class='ocrx_word' id='word_1_5' title='bbox 311 355 462 413; x_wconf 87' lang='lat' dir='ltr'>tracanthi</span> <span class='ocrx_word' id='word_1_6' title='bbox 480 375 545 413; x_wconf 91' lang='lat' dir='ltr'>uno.</span> <span class='ocrx_word' id='word_1_7' title='bbox 564 356 616 429; x_wconf 85' lang='lat' dir='ltr'>VI,</span> <span class='ocrx_word' id='word_1_8' title='bbox 640 357 766 414; x_wconf 88' lang='lat' dir='ltr'>castorei</span> <span class='ocrx_word' id='word_1_9' title='bbox 784 374 848 414; x_wconf 89' lang='lat' dir='ltr'>uno.</span> <span class='ocrx_word' id='word_1_10' title='bbox 867 356 891 429; x_wconf 92' lang='lat' dir='ltr'>I,</span> <span class='ocrx_word' id='word_1_11' title='bbox 915 356 1058 414; x_wconf 81' lang='lat' dir='ltr'>absinthii</span> <span class='ocrx_word' id='word_1_12' title='bbox 1073 356 1191 414; x_wconf 83' lang='lat' dir='ltr'>Pontici</span> 
     </span>
     <span class='ocr_line' id='line_1_3' title="bbox 180 443 1191 521; baseline 0 -20"><span class='ocrx_word' id='word_1_13' title='bbox 180 444 340 502; x_wconf 87' lang='lat' dir='ltr'>fasciculos</span> <span class='ocrx_word' id='word_1_14' title='bbox 369 444 413 501; x_wconf 89' lang='lat' dir='ltr'>H:</span> <span class='ocrx_word' id='word_1_15' title='bbox 442 445 516 502; x_wconf 89' lang='lat' dir='ltr'>haee</span> <span class='ocrx_word' id='word_1_16' title='bbox 545 447 646 503; x_wconf 91' lang='lat' dir='ltr'>omnia</span> <span class='ocrx_word' id='word_1_17' title='bbox 674 447 707 502; x_wconf 93' lang='lat' dir='ltr'>in</span> <span class='ocrx_word' id='word_1_18' title='bbox 735 445 888 521; x_wconf 81' lang='lat' dir='ltr'>pulverem</span> <span class='ocrx_word' id='word_1_19' title='bbox 917 445 1038 503; x_wconf 88' lang='lat' dir='ltr'>redacta</span> <span class='ocrx_word' id='word_1_20' title='bbox 1068 444 1106 502; x_wconf 95' lang='lat' dir='ltr'>ad</span> <span class='ocrx_word' id='word_1_21' title='bbox 1135 443 1191 501; x_wconf 86' lang='grc' dir='ltr'>ΧΠ</span> 
     </span>
     <span class='ocr_line' id='line_1_4' title="bbox 182 532 1191 608; baseline 0.002 -19"><span class='ocrx_word' id='word_1_22' title='bbox 182 532 323 590; x_wconf 87' lang='lat' dir='ltr'>animalia</span> <span class='ocrx_word' id='word_1_23' title='bbox 345 552 399 608; x_wconf 89' lang='lat' dir='ltr'>per</span> <span class='ocrx_word' id='word_1_24' title='bbox 416 533 549 591; x_wconf 85' lang='lat' dir='ltr'>triduum</span> <span class='ocrx_word' id='word_1_25' title='bbox 572 533 706 592; x_wconf 84' lang='lat' dir='ltr'>sufficere</span> <span class='ocrx_word' id='word_1_26' title='bbox 725 534 893 607; x_wconf 85' lang='lat' dir='ltr'>creduntur,</span> <span class='ocrx_word' id='word_1_27' title='bbox 915 536 960 592; x_wconf 89' lang='lat' dir='ltr'>ita</span> <span class='ocrx_word' id='word_1_28' title='bbox 981 536 1016 591; x_wconf 90' lang='lat' dir='ltr'>ut</span> <span class='ocrx_word' id='word_1_29' title='bbox 1038 553 1106 592; x_wconf 88' lang='lat' dir='ltr'>eum</span> <span class='ocrx_word' id='word_1_30' title='bbox 1124 535 1191 593; x_wconf 80' lang='lat' dir='ltr'>vino</span> 
     </span>
     <span class='ocr_line' id='line_1_5' title="bbox 181 622 498 699; baseline 0 -20"><span class='ocrx_word' id='word_1_31' title='bbox 181 622 294 696; x_wconf 89' lang='lat' dir='ltr'>optimo</span> <span class='ocrx_word' id='word_1_32' title='bbox 318 622 498 699; x_wconf 78' lang='lat' dir='ltr'>digerantur.</span> 
     </span>
    </p>
   </div>
   <div class='ocr_carea' id='block_1_3' title="bbox 291 827 1221 912">
    <p class='ocr_par' dir='ltr' id='par_1_3' title="bbox 291 827 1221 912">
     <span class='ocr_line' id='line_1_6' title="bbox 291 827 1221 912; baseline 0.001 -20"><span class='ocrx_word' id='word_1_33' title='bbox 291 845 301 858; x_wconf 68' lang='grc'>“·</span> <span class='ocrx_word' id='word_1_34' title='bbox 357 829 432 892; x_wconf 85' lang='lat' dir='ltr'>LX.</span> <span class='ocrx_word' id='word_1_35' title='bbox 456 827 550 893; x_wconf 80' lang='lat' dir='ltr'>Potio</span> <span class='ocrx_word' id='word_1_36' title='bbox 573 831 659 894; x_wconf 79' lang='lat' dir='ltr'>omui</span> <span class='ocrx_word' id='word_1_37' title='bbox 682 836 813 912; x_wconf 79' lang='lat' dir='ltr'>tempore</span> <span class='ocrx_word' id='word_1_38' title='bbox 835 832 1017 895; x_wconf 79' lang='lat' dir='ltr'>accessorio.</span> <span class='ocrx_word' id='word_1_39' title='bbox 1212 855 1221 893; x_wconf 75' lang='lat'>⁵</span> 
     </span>
    </p>
   </div>
   <div class='ocr_carea' id='block_1_4' title="bbox 85 955 1219 1833">
    <p class='ocr_par' dir='ltr' id='par_1_4' title="bbox 85 955 1219 1833">
     <span class='ocr_line' id='line_1_7' title="bbox 85 955 1190 1035; baseline 0.001 -20"><span class='ocrx_word' id='word_1_40' title='bbox 85 971 110 1008; x_wconf 90' lang='lat'>11</span> <span class='ocrx_word' id='word_1_41' title='bbox 125 972 150 1010; x_wconf 78' lang='lat'>³2</span> <span class='ocrx_word' id='word_1_42' title='bbox 165 969 232 1010; x_wconf 76' lang='lat' dir='ltr'>Schn-</span> <span class='ocrx_word' id='word_1_43' title='bbox 277 958 348 1016; x_wconf 84' lang='lat' dir='ltr'>Alia</span> <span class='ocrx_word' id='word_1_44' title='bbox 365 955 458 1035; x_wconf 87' lang='lat' dir='ltr'>potio,</span> <span class='ocrx_word' id='word_1_45' title='bbox 476 978 552 1034; x_wconf 90' lang='lat' dir='ltr'>quae</span> <span class='ocrx_word' id='word_1_46' title='bbox 571 962 653 1019; x_wconf 92' lang='lat' dir='ltr'>omni</span> <span class='ocrx_word' id='word_1_47' title='bbox 670 962 803 1035; x_wconf 88' lang='lat' dir='ltr'>tempore</span> <span class='ocrx_word' id='word_1_48' title='bbox 822 960 987 1019; x_wconf 79' lang='lat' dir='ltr'>exhibetur:</span> <span class='ocrx_word' id='word_1_49' title='bbox 1007 961 1091 1034; x_wconf 87' lang='lat' dir='ltr'>costi,</span> <span class='ocrx_word' id='word_1_50' title='bbox 1110 958 1190 1017; x_wconf 89' lang='lat' dir='ltr'>meli·</span> 
     </span>
     <span class='ocr_line' id='line_1_8' title="bbox 179 1048 1188 1124; baseline 0 -19"><span class='ocrx_word' id='word_1_51' title='bbox 179 1049 243 1122; x_wconf 91' lang='lat' dir='ltr'>loti,</span> <span class='ocrx_word' id='word_1_52' title='bbox 266 1049 396 1124; x_wconf 82' lang='lat' dir='ltr'>hyssopi,</span> <span class='ocrx_word' id='word_1_53' title='bbox 419 1050 472 1106; x_wconf 84' lang='lat' dir='ltr'>iris</span> <span class='ocrx_word' id='word_1_54' title='bbox 491 1048 638 1123; x_wconf 82' lang='lat' dir='ltr'>illyricae,</span> <span class='ocrx_word' id='word_1_55' title='bbox 662 1049 878 1123; x_wconf 79' lang='lat' dir='ltr'>aristolochiae,</span> <span class='ocrx_word' id='word_1_56' title='bbox 899 1050 1056 1124; x_wconf 84' lang='lat' dir='ltr'>sampsaei,</span> <span class='ocrx_word' id='word_1_57' title='bbox 1074 1065 1188 1106; x_wconf 90' lang='lat' dir='ltr'>murrae</span> 
     </span>
     <span class='ocr_line' id='line_1_9' title="bbox 178 1136 1188 1213; baseline -0.001 -19"><span class='ocrx_word' id='word_1_58' title='bbox 178 1137 324 1213; x_wconf 77' lang='lat' dir='ltr'>troglitiS,</span> <span class='ocrx_word' id='word_1_59' title='bbox 354 1139 446 1211; x_wconf 89' lang='lat' dir='ltr'>asari,</span> <span class='ocrx_word' id='word_1_60' title='bbox 476 1137 665 1213; x_wconf 80' lang='lat' dir='ltr'>draconteae,</span> <span class='ocrx_word' id='word_1_61' title='bbox 695 1140 882 1212; x_wconf 78' lang='lat' dir='ltr'>centaureae,</span> <span class='ocrx_word' id='word_1_62' title='bbox 916 1139 1009 1212; x_wconf 89' lang='lat' dir='ltr'>iunci,</span> <span class='ocrx_word' id='word_1_63' title='bbox 1039 1136 1188 1208; x_wconf 89' lang='lat' dir='ltr'>marrubii,</span> 
     </span>
     <span class='ocr_line' id='line_1_10' title="bbox 179 1224 1187 1303; baseline 0 -21"><span class='ocrx_word' id='word_1_64' title='bbox 179 1227 345 1303; x_wconf 84' lang='lat' dir='ltr'>gentianae,</span> <span class='ocrx_word' id='word_1_65' title='bbox 369 1228 468 1301; x_wconf 87' lang='lat' dir='ltr'>spicae</span> <span class='ocrx_word' id='word_1_66' title='bbox 493 1224 623 1285; x_wconf 82' lang='lat' dir='ltr'>Celticae</span> <span class='ocrx_word' id='word_1_67' title='bbox 646 1228 732 1286; x_wconf 86' lang='lat' dir='ltr'>folia:</span> <span class='ocrx_word' id='word_1_68' title='bbox 755 1229 858 1303; x_wconf 89' lang='lat' dir='ltr'>aequis</span> <span class='ocrx_word' id='word_1_69' title='bbox 880 1226 1059 1303; x_wconf 88' lang='lat' dir='ltr'>ponderibus</span> <span class='ocrx_word' id='word_1_70' title='bbox 1087 1228 1187 1283; x_wconf 88' lang='lat' dir='ltr'>misces</span> 
     </span>
     <span class='ocr_line' id='line_1_11' title="bbox 178 1313 1219 1391; baseline 0.001 -20"><span class='ocrx_word' id='word_1_71' title='bbox 178 1313 356 1390; x_wconf 87' lang='lat' dir='ltr'>redactaque</span> <span class='ocrx_word' id='word_1_72' title='bbox 388 1317 420 1373; x_wconf 93' lang='lat' dir='ltr'>in</span> <span class='ocrx_word' id='word_1_73' title='bbox 452 1316 605 1391; x_wconf 89' lang='lat' dir='ltr'>pulverem</span> <span class='ocrx_word' id='word_1_74' title='bbox 638 1335 745 1375; x_wconf 89' lang='lat' dir='ltr'>cernes.</span> <span class='ocrx_word' id='word_1_75' title='bbox 796 1316 854 1375; x_wconf 84' lang='lat' dir='ltr'>Sed</span> <span class='ocrx_word' id='word_1_76' title='bbox 886 1318 913 1374; x_wconf 91' lang='lat' dir='ltr'>si</span> <span class='ocrx_word' id='word_1_77' title='bbox 944 1317 1089 1374; x_wconf 82' lang='lat' dir='ltr'>aestivam</span> <span class='ocrx_word' id='word_1_78' title='bbox 1122 1315 1187 1373; x_wconf 90' lang='lat' dir='ltr'>dare</span> <span class='ocrx_word' id='word_1_79' title='bbox 1200 1334 1219 1372; x_wconf 85' lang='lat' dir='ltr'>n</span> 
     </span>
     <span class='ocr_line' id='line_1_12' title="bbox 178 1402 1188 1478; baseline 0 -17"><span class='ocrx_word' id='word_1_80' title='bbox 178 1403 307 1462; x_wconf 82' lang='lat' dir='ltr'>volueris</span> <span class='ocrx_word' id='word_1_81' title='bbox 340 1405 505 1478; x_wconf 84' lang='lat' dir='ltr'>potionem,</span> <span class='ocrx_word' id='word_1_82' title='bbox 538 1407 709 1464; x_wconf 88' lang='lat' dir='ltr'>commisces</span> <span class='ocrx_word' id='word_1_83' title='bbox 741 1408 819 1464; x_wconf 87' lang='lat' dir='ltr'>croci</span> <span class='ocrx_word' id='word_1_84' title='bbox 850 1406 947 1464; x_wconf 88' lang='lat' dir='ltr'>mellis</span> <span class='ocrx_word' id='word_1_85' title='bbox 979 1407 1010 1462; x_wconf 83' lang='lat' dir='ltr'>et</span> <span class='ocrx_word' id='word_1_86' title='bbox 1040 1402 1188 1464; x_wconf 86' lang='lat' dir='ltr'>tracanthi</span> 
     </span>
     <span class='ocr_line' id='line_1_13' title="bbox 180 1492 1187 1570; baseline 0.001 -21"><span class='ocrx_word' id='word_1_87' title='bbox 180 1492 259 1567; x_wconf 91' lang='lat' dir='ltr'>quod</span> <span class='ocrx_word' id='word_1_88' title='bbox 282 1492 400 1550; x_wconf 88' lang='lat' dir='ltr'>sufficit.</span> <span class='ocrx_word' id='word_1_89' title='bbox 443 1492 477 1550; x_wconf 82' lang='lat' dir='ltr'>Si</span> <span class='ocrx_word' id='word_1_90' title='bbox 499 1497 599 1551; x_wconf 87' lang='lat' dir='ltr'>autern</span> <span class='ocrx_word' id='word_1_91' title='bbox 621 1496 774 1570; x_wconf 88' lang='lat' dir='ltr'>potionem</span> <span class='ocrx_word' id='word_1_92' title='bbox 797 1496 887 1553; x_wconf 86' lang='lat' dir='ltr'>facies</span> <span class='ocrx_word' id='word_1_93' title='bbox 909 1494 1081 1568; x_wconf 89' lang='lat' dir='ltr'>hiemalem,</span> <span class='ocrx_word' id='word_1_94' title='bbox 1108 1492 1187 1551; x_wconf 89' lang='lat' dir='ltr'>addis</span> 
     </span>
     <span class='ocr_line' id='line_1_14' title="bbox 177 1581 1188 1657; baseline -0.001 -19"><span class='ocrx_word' id='word_1_95' title='bbox 177 1582 302 1656; x_wconf 84' lang='lat' dir='ltr'>piperis,</span> <span class='ocrx_word' id='word_1_96' title='bbox 333 1583 395 1656; x_wconf 89' lang='lat' dir='ltr'>apii</span> <span class='ocrx_word' id='word_1_97' title='bbox 418 1584 539 1640; x_wconf 88' lang='lat' dir='ltr'>seminis</span> <span class='ocrx_word' id='word_1_98' title='bbox 567 1585 598 1641; x_wconf 91' lang='lat' dir='ltr'>et</span> <span class='ocrx_word' id='word_1_99' title='bbox 624 1585 745 1642; x_wconf 90' lang='lat' dir='ltr'>seminis</span> <span class='ocrx_word' id='word_1_100' title='bbox 773 1584 893 1657; x_wconf 90' lang='lat' dir='ltr'>sinapis.</span> <span class='ocrx_word' id='word_1_101' title='bbox 934 1581 1068 1657; x_wconf 88' lang='lat' dir='ltr'>Utroque</span> <span class='ocrx_word' id='word_1_102' title='bbox 1092 1585 1188 1641; x_wconf 89' lang='lat' dir='ltr'>autern</span> 
     </span>
     <span class='ocr_line' id='line_1_15' title="bbox 177 1671 1188 1746; baseline 0.001 -21"><span class='ocrx_word' id='word_1_103' title='bbox 177 1672 309 1745; x_wconf 89' lang='lat' dir='ltr'>tempore</span> <span class='ocrx_word' id='word_1_104' title='bbox 335 1689 402 1729; x_wconf 91' lang='lat' dir='ltr'>cum</span> <span class='ocrx_word' id='word_1_105' title='bbox 425 1671 497 1729; x_wconf 93' lang='lat' dir='ltr'>boni</span> <span class='ocrx_word' id='word_1_106' title='bbox 520 1672 583 1728; x_wconf 91' lang='lat' dir='ltr'>vini</span> <span class='ocrx_word' id='word_1_107' title='bbox 608 1673 737 1730; x_wconf 84' lang='lat' dir='ltr'>sextario</span> <span class='ocrx_word' id='word_1_108' title='bbox 755 1672 876 1746; x_wconf 89' lang='lat' dir='ltr'>plenum</span> <span class='ocrx_word' id='word_1_109' title='bbox 897 1671 1028 1730; x_wconf 85' lang='lat' dir='ltr'>cocleare</span> <span class='ocrx_word' id='word_1_110' title='bbox 1052 1672 1188 1729; x_wconf 86' lang='lat' dir='ltr'>miscetur</span> 
     </span>
     <span class='ocr_line' id='line_1_16' title="bbox 177 1758 1217 1833; baseline 0.001 -18"><span class='ocrx_word' id='word_1_111' title='bbox 177 1758 370 1833; x_wconf 87' lang='lat' dir='ltr'>faucibusque</span> <span class='ocrx_word' id='word_1_112' title='bbox 395 1760 569 1818; x_wconf 89' lang='lat' dir='ltr'>animalium</span> <span class='ocrx_word' id='word_1_113' title='bbox 591 1760 775 1818; x_wconf 86' lang='lat' dir='ltr'>diffunditur.</span> <span class='ocrx_word' id='word_1_114' title='bbox 1198 1777 1217 1816; x_wconf 79' lang='lat' dir='ltr'>a</span> 
     </span>
    </p>
   </div>
   <div class='ocr_carea' id='block_1_5' title="bbox 427 1966 942 2050">
    <p class='ocr_par' dir='ltr' id='par_1_5' title="bbox 427 1966 942 2050">
     <span class='ocr_line' id='line_1_17' title="bbox 427 1966 942 2050; baseline 0.002 -21"><span class='ocrx_word' id='word_1_115' title='bbox 427 1966 521 2030; x_wconf 90' lang='lat' dir='ltr'><strong><em>LXI.</em></strong></span> <span class='ocrx_word' id='word_1_116' title='bbox 544 1967 594 2031; x_wconf 86' lang='lat' dir='ltr'>De</span> <span class='ocrx_word' id='word_1_117' title='bbox 617 1968 800 2050; x_wconf 70' lang='lat' dir='ltr'>difficaltate</span> <span class='ocrx_word' id='word_1_118' title='bbox 822 1969 942 2031; x_wconf 62' lang='lat' dir='ltr'>eunus.</span> 
     </span>
    </p>
   </div>
   <div class='ocr_carea' id='block_1_6' title="bbox 83 2094 1185 2350">
    <p class='ocr_par' dir='ltr' id='par_1_6' title="bbox 83 2094 1185 2350">
     <span class='ocr_line' id='line_1_18' title="bbox 83 2094 1185 2156; baseline -0.002 -2"><span class='ocrx_word' id='word_1_119' title='bbox 83 2106 108 2143; x_wconf 89' lang='lat'>11</span> <span class='ocrx_word' id='word_1_120' title='bbox 123 2108 148 2146; x_wconf 77' lang='lat'>33</span> <span class='ocrx_word' id='word_1_121' title='bbox 163 2106 230 2145; x_wconf 68' lang='lat' dir='ltr'>Schn</span> <span class='ocrx_word' id='word_1_122' title='bbox 276 2096 320 2154; x_wconf 93' lang='lat' dir='ltr'>De</span> <span class='ocrx_word' id='word_1_123' title='bbox 344 2098 448 2154; x_wconf 86' lang='lat' dir='ltr'>urinae</span> <span class='ocrx_word' id='word_1_124' title='bbox 476 2096 705 2156; x_wconf 86' lang='lat' dir='ltr'>difficultatibus</span> <span class='ocrx_word' id='word_1_125' title='bbox 735 2097 837 2156; x_wconf 88' lang='lat' dir='ltr'>ordine</span> <span class='ocrx_word' id='word_1_126' title='bbox 869 2116 923 2155; x_wconf 90' lang='lat' dir='ltr'>suo</span> <span class='ocrx_word' id='word_1_127' title='bbox 946 2097 1043 2155; x_wconf 89' lang='lat' dir='ltr'>multa</span> <span class='ocrx_word' id='word_1_128' title='bbox 1063 2094 1185 2155; x_wconf 71' lang='lat' dir='ltr'>¹dicenda</span> 
     </span>
     <span class='ocr_line' id='line_1_19' title="bbox 177 2185 1185 2261; baseline 0 -18"><span class='ocrx_word' id='word_1_129' title='bbox 177 2187 255 2259; x_wconf 87' lang='lat' dir='ltr'>sunt,</span> <span class='ocrx_word' id='word_1_130' title='bbox 278 2187 329 2244; x_wconf 91' lang='lat' dir='ltr'>sed</span> <span class='ocrx_word' id='word_1_131' title='bbox 352 2187 514 2244; x_wconf 83' lang='lat' dir='ltr'>viatorium</span> <span class='ocrx_word' id='word_1_132' title='bbox 533 2185 614 2245; x_wconf 89' lang='lat' dir='ltr'>istud</span> <span class='ocrx_word' id='word_1_133' title='bbox 637 2188 666 2244; x_wconf 91' lang='lat' dir='ltr'>et</span> <span class='ocrx_word' id='word_1_134' title='bbox 688 2186 844 2261; x_wconf 82' lang='lat' dir='ltr'>physicum</span> <span class='ocrx_word' id='word_1_135' title='bbox 867 2188 897 2244; x_wconf 86' lang='lat' dir='ltr'>et</span> <span class='ocrx_word' id='word_1_136' title='bbox 917 2204 1034 2260; x_wconf 89' lang='lat' dir='ltr'>semper</span> <span class='ocrx_word' id='word_1_137' title='bbox 1051 2188 1185 2261; x_wconf 90' lang='lat' dir='ltr'>paratum</span> 
     </span>
     <span class='ocr_line' id='line_1_20' title="bbox 176 2273 1184 2350; baseline 0 -18"><span class='ocrx_word' id='word_1_138' title='bbox 176 2277 207 2333; x_wconf 90' lang='lat' dir='ltr'>te</span> <span class='ocrx_word' id='word_1_139' title='bbox 225 2277 299 2333; x_wconf 90' lang='lat' dir='ltr'>scire</span> <span class='ocrx_word' id='word_1_140' title='bbox 314 2277 459 2334; x_wconf 87' lang='lat' dir='ltr'>convenit.</span> <span class='ocrx_word' id='word_1_141' title='bbox 496 2273 608 2333; x_wconf 86' lang='lat' dir='ltr'>Lutum</span> <span class='ocrx_word' id='word_1_142' title='bbox 627 2294 662 2333; x_wconf 83' lang='lat' dir='ltr'>ex</span> <span class='ocrx_word' id='word_1_143' title='bbox 676 2274 876 2350; x_wconf 87' lang='lat' dir='ltr'>cuiuscunque</span> <span class='ocrx_word' id='word_1_144' title='bbox 895 2276 965 2349; x_wconf 92' lang='lat' dir='ltr'>equi</span> <span class='ocrx_word' id='word_1_145' title='bbox 982 2275 1058 2332; x_wconf 92' lang='lat' dir='ltr'>lotio</span> <span class='ocrx_word' id='word_1_146' title='bbox 1077 2276 1184 2333; x_wconf 88' lang='lat' dir='ltr'>factum</span> 
     </span>
    </p>
   </div>
   <div class='ocr_carea' id='block_1_7' title="bbox 248 2460 1114 2531">
    <p class='ocr_par' dir='ltr' id='par_1_7' title="bbox 248 2460 1114 2531">
     <span class='ocr_line' id='line_1_21' title="bbox 248 2460 1114 2531; baseline -0.001 -15"><span class='ocrx_word' id='word_1_147' title='bbox 248 2469 263 2516; x_wconf 88' lang='lat'><strong>6</strong></span> <span class='ocrx_word' id='word_1_148' title='bbox 283 2462 340 2517; x_wconf 87' lang='lat' dir='ltr'>Pel.</span> <span class='ocrx_word' id='word_1_149' title='bbox 356 2480 378 2516; x_wconf 89' lang='lat' dir='ltr'>e.</span> <span class='ocrx_word' id='word_1_150' title='bbox 395 2468 454 2515; x_wconf 78' lang='lat'><strong>373.</strong></span> <span class='ocrx_word' id='word_1_151' title='bbox 529 2467 560 2514; x_wconf 83' lang='grc'>17</span> <span class='ocrx_word' id='word_1_152' title='bbox 580 2460 637 2514; x_wconf 91' lang='lat' dir='ltr'>Pel.</span> <span class='ocrx_word' id='word_1_153' title='bbox 653 2479 675 2515; x_wconf 91' lang='lat' dir='ltr'>c.</span> <span class='ocrx_word' id='word_1_154' title='bbox 693 2467 743 2515; x_wconf 78' lang='lat'>155</span> <span class='ocrx_word' id='word_1_155' title='bbox 763 2460 797 2515; x_wconf 87' lang='lat' dir='ltr'>cf.</span> <span class='ocrx_word' id='word_1_156' title='bbox 813 2460 881 2531; x_wconf 83' lang='lat' dir='ltr'>Veg.</span> <span class='ocrx_word' id='word_1_157' title='bbox 897 2462 923 2514; x_wconf 92' lang='grc' dir='ltr'>Π</span> <span class='ocrx_word' id='word_1_158' title='bbox 942 2466 984 2528; x_wconf 78' lang='lat'>79,</span> <span class='ocrx_word' id='word_1_159' title='bbox 999 2466 1114 2515; x_wconf 80' lang='lat'><strong>20-23.</strong></span> 
     </span>
    </p>
   </div>
   <div class='ocr_carea' id='block_1_8' title="bbox 175 2638 1182 3627">
    <p class='ocr_par' dir='ltr' id='par_1_8' title="bbox 249 2638 1032 2708">
     <span class='ocr_line' id='line_1_22' title="bbox 249 2638 1032 2708; baseline 0 -15"><span class='ocrx_word' id='word_1_160' title='bbox 249 2639 411 2693; x_wconf 85' lang='lat' dir='ltr'>luno.VII</span> <span class='ocrx_word' id='word_1_161' title='bbox 429 2640 506 2708; x_wconf 77' lang='lat' dir='ltr'>Pss3</span> <span class='ocrx_word' id='word_1_162' title='bbox 525 2656 551 2707; x_wconf 92' lang='lat' dir='ltr'>p.</span> <span class='ocrx_word' id='word_1_163' title='bbox 567 2638 632 2692; x_wconf 88' lang='lat' dir='ltr'>trid.</span> <span class='ocrx_word' id='word_1_164' title='bbox 649 2655 698 2693; x_wconf 84' lang='lat' dir='ltr'>om.</span> <span class='ocrx_word' id='word_1_165' title='bbox 714 2640 795 2705; x_wconf 73' lang='lat' dir='ltr'>Alld</span> <span class='ocrx_word' id='word_1_166' title='bbox 813 2639 985 2693; x_wconf 86' lang='lat' dir='ltr'>misceantur</span> <span class='ocrx_word' id='word_1_167' title='bbox 1004 2641 1032 2693; x_wconf 96' lang='lat' dir='ltr'><strong><em>P</em></strong></span> 
     </span>
    </p>

    <p class='ocr_par' dir='ltr' id='par_1_9' title="bbox 175 2709 1182 3492">
     <span class='ocr_line' id='line_1_23' title="bbox 248 2709 1182 2781; baseline -0.002 -19"><span class='ocrx_word' id='word_1_168' title='bbox 248 2709 456 2763; x_wconf 73' lang='lat' dir='ltr'>talia-enh.</span> <span class='ocrx_word' id='word_1_169' title='bbox 480 2727 530 2763; x_wconf 76' lang='lat' dir='ltr'>oro.</span> <span class='ocrx_word' id='word_1_170' title='bbox 552 2711 592 2764; x_wconf 85' lang='lat' dir='ltr'>ed.</span> <span class='ocrx_word' id='word_1_171' title='bbox 608 2729 652 2779; x_wconf 79' lang='lat' dir='ltr'>pr.</span> <span class='ocrx_word' id='word_1_172' title='bbox 673 2711 738 2764; x_wconf 99' lang='lat' dir='ltr'><strong><em>AF</em></strong></span> <span class='ocrx_word' id='word_1_173' title='bbox 769 2713 778 2779; x_wconf 69' lang='lat' dir='ltr'>ll</span> <span class='ocrx_word' id='word_1_174' title='bbox 816 2710 1019 2781; x_wconf 68' lang='lat' dir='ltr'>lastrologiae</span> <span class='ocrx_word' id='word_1_175' title='bbox 1038 2713 1067 2765; x_wconf 94' lang='lat' dir='ltr'><strong><em>A</em></strong></span> <span class='ocrx_word' id='word_1_176' title='bbox 1106 2714 1111 2780; x_wconf 79' lang='grc' dir='ltr'>Ι</span> <span class='ocrx_word' id='word_1_177' title='bbox 1151 2725 1182 2762; x_wconf 90' lang='lat' dir='ltr'>m.</span> 
     </span>
     <span class='ocr_line' id='line_1_24' title="bbox 176 2779 1182 2852; baseline -0.001 -18"><span class='ocrx_word' id='word_1_178' title='bbox 176 2783 210 2835; x_wconf 87' lang='lat' dir='ltr'>tr.</span> <span class='ocrx_word' id='word_1_179' title='bbox 237 2782 293 2835; x_wconf 88' lang='lat' dir='ltr'>Pel.</span> <span class='ocrx_word' id='word_1_180' title='bbox 314 2800 351 2835; x_wconf 90' lang='lat' dir='ltr'>m.</span> <span class='ocrx_word' id='word_1_181' title='bbox 377 2780 528 2850; x_wconf 84' lang='lat' dir='ltr'>tragotidis</span> <span class='ocrx_word' id='word_1_182' title='bbox 554 2782 613 2835; x_wconf 89' lang='lat' dir='ltr'><strong><em>FA</em></strong></span> <span class='ocrx_word' id='word_1_183' title='bbox 641 2783 701 2848; x_wconf 87' lang='lat' dir='ltr'>(om.</span> <span class='ocrx_word' id='word_1_184' title='bbox 727 2783 775 2851; x_wconf 91' lang='lat' dir='ltr'>m.)</span> <span class='ocrx_word' id='word_1_185' title='bbox 806 2781 963 2852; x_wconf 82' lang='lat' dir='ltr'>dragaditis</span> <span class='ocrx_word' id='word_1_186' title='bbox 994 2783 1022 2836; x_wconf 93' lang='lat' dir='ltr'><em>P</em></span> <span class='ocrx_word' id='word_1_187' title='bbox 1050 2779 1182 2836; x_wconf 86' lang='lat' dir='ltr'>dracontii</span> 
     </span>
     <span class='ocr_line' id='line_1_25' title="bbox 176 2850 1182 2923; baseline 0 -18"><span class='ocrx_word' id='word_1_188' title='bbox 176 2853 215 2906; x_wconf 82' lang='lat' dir='ltr'>ed.</span> <span class='ocrx_word' id='word_1_189' title='bbox 227 2869 271 2920; x_wconf 78' lang='lat' dir='ltr'>pr.</span> <span class='ocrx_word' id='word_1_190' title='bbox 303 2854 313 2920; x_wconf 81' lang='grc' dir='ltr'>ΙΙ</span> <span class='ocrx_word' id='word_1_191' title='bbox 345 2850 456 2905; x_wconf 85' lang='lat' dir='ltr'>8aaari</span> <span class='ocrx_word' id='word_1_192' title='bbox 474 2852 502 2904; x_wconf 94' lang='lat' dir='ltr'><strong><em>A</em></strong></span> <span class='ocrx_word' id='word_1_193' title='bbox 520 2851 617 2906; x_wconf 86' lang='lat' dir='ltr'>laseris</span> <span class='ocrx_word' id='word_1_194' title='bbox 637 2854 694 2907; x_wconf 86' lang='lat' dir='ltr'>Pel.</span> <span class='ocrx_word' id='word_1_195' title='bbox 730 2856 733 2919; x_wconf 92' lang='grc' dir='ltr'>Ι</span> <span class='ocrx_word' id='word_1_196' title='bbox 768 2853 900 2923; x_wconf 80' lang='lat' dir='ltr'>draganti</span> <span class='ocrx_word' id='word_1_197' title='bbox 918 2854 957 2908; x_wconf 87' lang='lat' dir='ltr'>ed.</span> <span class='ocrx_word' id='word_1_198' title='bbox 968 2871 1013 2921; x_wconf 78' lang='lat' dir='ltr'>pr.</span> <span class='ocrx_word' id='word_1_199' title='bbox 1034 2853 1182 2923; x_wconf 80' lang='lat' dir='ltr'>dragontas</span> 
     </span>
     <span class='ocr_line' id='line_1_26' title="bbox 176 2921 1182 2989; baseline -0.001 -14"><span class='ocrx_word' id='word_1_200' title='bbox 176 2924 204 2975; x_wconf 99' lang='lat' dir='ltr'><strong><em>A</em></strong></span> <span class='ocrx_word' id='word_1_201' title='bbox 227 2922 306 2975; x_wconf 89' lang='lat' dir='ltr'>drac-</span> <span class='ocrx_word' id='word_1_202' title='bbox 330 2923 358 2976; x_wconf 91' lang='lat' dir='ltr'><strong><em>P</em></strong></span> <span class='ocrx_word' id='word_1_203' title='bbox 374 2924 430 2977; x_wconf 86' lang='lat' dir='ltr'>Pel.</span> <span class='ocrx_word' id='word_1_204' title='bbox 474 2925 478 2989; x_wconf 91' lang='grc' dir='ltr'>Ι</span> <span class='ocrx_word' id='word_1_205' title='bbox 522 2939 544 2976; x_wconf 90' lang='lat' dir='ltr'>o.</span> <span class='ocrx_word' id='word_1_206' title='bbox 563 2923 677 2976; x_wconf 89' lang='lat' dir='ltr'>iuneide</span> <span class='ocrx_word' id='word_1_207' title='bbox 696 2924 724 2977; x_wconf 93' lang='lat' dir='ltr'><strong><em>A</em></strong></span> <span class='ocrx_word' id='word_1_208' title='bbox 746 2940 814 2978; x_wconf 82' lang='lat' dir='ltr'>corr.</span> <span class='ocrx_word' id='word_1_209' title='bbox 833 2924 890 2978; x_wconf 85' lang='lat' dir='ltr'>Pel.</span> <span class='ocrx_word' id='word_1_210' title='bbox 910 2940 960 2978; x_wconf 78' lang='lat' dir='ltr'>ora.</span> <span class='ocrx_word' id='word_1_211' title='bbox 981 2926 1009 2979; x_wconf 91' lang='lat' dir='ltr'><strong><em>P</em></strong></span> <span class='ocrx_word' id='word_1_212' title='bbox 1030 2942 1053 2980; x_wconf 89' lang='lat' dir='ltr'>c.</span> <span class='ocrx_word' id='word_1_213' title='bbox 1073 2921 1182 2978; x_wconf 88' lang='lat' dir='ltr'>minoris</span> 
     </span>
     <span class='ocr_line' id='line_1_27' title="bbox 175 2993 1182 3065; baseline 0.002 -19"><span class='ocrx_word' id='word_1_214' title='bbox 175 2994 215 3047; x_wconf 83' lang='lat' dir='ltr'>cd.</span> <span class='ocrx_word' id='word_1_215' title='bbox 226 3011 271 3060; x_wconf 81' lang='lat' dir='ltr'>pr.</span> <span class='ocrx_word' id='word_1_216' title='bbox 286 2996 325 3062; x_wconf 72' lang='grc'>119</span> <span class='ocrx_word' id='word_1_217' title='bbox 344 2993 406 3047; x_wconf 92' lang='lat' dir='ltr'>folii</span> <span class='ocrx_word' id='word_1_218' title='bbox 425 2994 453 3047; x_wconf 93' lang='lat' dir='ltr'><strong><em>P</em></strong></span> <span class='ocrx_word' id='word_1_219' title='bbox 465 2994 521 3047; x_wconf 86' lang='lat' dir='ltr'>Pel.</span> <span class='ocrx_word' id='word_1_220' title='bbox 543 2993 547 3064; x_wconf 69' lang='lat' dir='ltr'>l</span> <span class='ocrx_word' id='word_1_221' title='bbox 568 3010 673 3062; x_wconf 89' lang='lat' dir='ltr'>aequas</span> <span class='ocrx_word' id='word_1_222' title='bbox 692 2994 835 3063; x_wconf 84' lang='lat' dir='ltr'>portiones</span> <span class='ocrx_word' id='word_1_223' title='bbox 853 3013 889 3050; x_wconf 90' lang='lat' dir='ltr'>m.</span> <span class='ocrx_word' id='word_1_224' title='bbox 904 2997 932 3050; x_wconf 88' lang='lat' dir='ltr'><strong><em>A</em></strong></span> <span class='ocrx_word' id='word_1_225' title='bbox 951 3011 991 3049; x_wconf 89' lang='lat' dir='ltr'>ae.</span> <span class='ocrx_word' id='word_1_226' title='bbox 1011 2995 1182 3065; x_wconf 84' lang='lat' dir='ltr'>portionibus</span> 
     </span>
     <span class='ocr_line' id='line_1_28' title="bbox 175 3064 1163 3138; baseline 0.004 -21"><span class='ocrx_word' id='word_1_227' title='bbox 175 3064 289 3117; x_wconf 90' lang='lat' dir='ltr'>insimul</span> <span class='ocrx_word' id='word_1_228' title='bbox 308 3065 427 3119; x_wconf 88' lang='lat' dir='ltr'>miscens</span> <span class='ocrx_word' id='word_1_229' title='bbox 445 3064 587 3132; x_wconf 87' lang='lat' dir='ltr'>pulveriza</span> <span class='ocrx_word' id='word_1_230' title='bbox 601 3067 629 3119; x_wconf 87' lang='lat' dir='ltr'><strong><em>P</em></strong></span> <span class='ocrx_word' id='word_1_231' title='bbox 640 3068 649 3134; x_wconf 77' lang='lat' dir='ltr'>ss</span> <span class='ocrx_word' id='word_1_232' title='bbox 669 3071 702 3119; x_wconf 92' lang='lat'>10</span> <span class='ocrx_word' id='word_1_233' title='bbox 720 3067 878 3134; x_wconf 85' lang='lat' dir='ltr'>redactusq.</span> <span class='ocrx_word' id='word_1_234' title='bbox 894 3068 922 3121; x_wconf 97' lang='lat' dir='ltr'><strong><em>A</em></strong></span> <span class='ocrx_word' id='word_1_235' title='bbox 938 3067 941 3138; x_wconf 70' lang='lat' dir='ltr'>l</span> <span class='ocrx_word' id='word_1_236' title='bbox 959 3082 1055 3121; x_wconf 88' lang='lat' dir='ltr'>cernes</span> <span class='ocrx_word' id='word_1_237' title='bbox 1074 3085 1123 3122; x_wconf 84' lang='lat' dir='ltr'>om.</span> <span class='ocrx_word' id='word_1_238' title='bbox 1139 3067 1163 3121; x_wconf 86' lang='lat' dir='ltr'><strong><em>A</em></strong></span> 
     </span>
     <span class='ocr_line' id='line_1_29' title="bbox 175 3134 1165 3208; baseline 0.002 -20"><span class='ocrx_word' id='word_1_239' title='bbox 175 3138 205 3188; x_wconf 88' lang='lat' dir='ltr'>et</span> <span class='ocrx_word' id='word_1_240' title='bbox 223 3134 246 3188; x_wconf 88' lang='lat' dir='ltr'>si</span> <span class='ocrx_word' id='word_1_241' title='bbox 265 3138 373 3190; x_wconf 85' lang='lat' dir='ltr'>aestate</span> <span class='ocrx_word' id='word_1_242' title='bbox 393 3138 421 3189; x_wconf 95' lang='lat' dir='ltr'><strong><em>P</em></strong></span> <span class='ocrx_word' id='word_1_243' title='bbox 449 3138 458 3205; x_wconf 85' lang='grc' dir='ltr'>ΙΙ</span> <span class='ocrx_word' id='word_1_244' title='bbox 488 3141 520 3188; x_wconf 95' lang='grc'>11</span> <span class='ocrx_word' id='word_1_245' title='bbox 540 3138 597 3205; x_wconf 85' lang='lat' dir='ltr'>pot.</span> <span class='ocrx_word' id='word_1_246' title='bbox 612 3154 663 3192; x_wconf 80' lang='lat' dir='ltr'>om.</span> <span class='ocrx_word' id='word_1_247' title='bbox 680 3139 707 3191; x_wconf 97' lang='lat' dir='ltr'><strong><em>P</em></strong></span> <span class='ocrx_word' id='word_1_248' title='bbox 734 3142 737 3206; x_wconf 91' lang='grc' dir='ltr'>Ι</span> <span class='ocrx_word' id='word_1_249' title='bbox 768 3138 840 3192; x_wconf 87' lang='lat' dir='ltr'>adde</span> <span class='ocrx_word' id='word_1_250' title='bbox 860 3138 992 3208; x_wconf 83' lang='lat' dir='ltr'>draganti</span> <span class='ocrx_word' id='word_1_251' title='bbox 1012 3156 1048 3193; x_wconf 78' lang='lat' dir='ltr'>er.</span> <span class='ocrx_word' id='word_1_252' title='bbox 1063 3156 1100 3192; x_wconf 93' lang='lat' dir='ltr'>m.</span> <span class='ocrx_word' id='word_1_253' title='bbox 1115 3154 1165 3206; x_wconf 89' lang='lat' dir='ltr'>quo</span> 
     </span>
     <span class='ocr_line' id='line_1_30' title="bbox 176 3206 1180 3279; baseline -0.003 -19"><span class='ocrx_word' id='word_1_254' title='bbox 176 3206 280 3260; x_wconf 85' lang='lat' dir='ltr'>suffieit</span> <span class='ocrx_word' id='word_1_255' title='bbox 298 3209 326 3261; x_wconf 95' lang='lat' dir='ltr'><strong><em>P</em></strong></span> <span class='ocrx_word' id='word_1_256' title='bbox 342 3224 411 3261; x_wconf 88' lang='lat' dir='ltr'>eom.</span> <span class='ocrx_word' id='word_1_257' title='bbox 431 3206 509 3276; x_wconf 81' lang='lat' dir='ltr'>drag.</span> <span class='ocrx_word' id='word_1_258' title='bbox 528 3209 596 3278; x_wconf 81' lang='lat' dir='ltr'>[ona</span> <span class='ocrx_word' id='word_1_259' title='bbox 613 3209 688 3279; x_wconf 83' lang='lat' dir='ltr'>GF]</span> <span class='ocrx_word' id='word_1_260' title='bbox 706 3210 800 3263; x_wconf 84' lang='lat' dir='ltr'>zucari</span> <span class='ocrx_word' id='word_1_261' title='bbox 823 3212 960 3278; x_wconf 80' lang='lat' dir='ltr'>quantum</span> <span class='ocrx_word' id='word_1_262' title='bbox 983 3209 1089 3264; x_wconf 86' lang='lat' dir='ltr'>suffieit</span> <span class='ocrx_word' id='word_1_263' title='bbox 1107 3212 1135 3264; x_wconf 87' lang='lat' dir='ltr'>et</span> <span class='ocrx_word' id='word_1_264' title='bbox 1150 3226 1180 3261; x_wconf 92' lang='lat' dir='ltr'>m.</span> 
     </span>
     <span class='ocr_line' id='line_1_31' title="bbox 176 3278 1180 3349; baseline -0.002 -18"><span class='ocrx_word' id='word_1_265' title='bbox 176 3279 238 3331; x_wconf 92' lang='lat' dir='ltr'><strong><em>AF</em></strong></span> <span class='ocrx_word' id='word_1_266' title='bbox 257 3281 266 3347; x_wconf 79' lang='grc' dir='ltr'><strong>Η</strong></span> <span class='ocrx_word' id='word_1_267' title='bbox 290 3285 322 3334; x_wconf 82' lang='grc'>12</span> <span class='ocrx_word' id='word_1_268' title='bbox 343 3278 464 3331; x_wconf 81' lang='lat' dir='ltr'>sufficiat</span> <span class='ocrx_word' id='word_1_269' title='bbox 477 3280 521 3338; x_wconf 74' lang='lat' dir='ltr'>cd.</span> <span class='ocrx_word' id='word_1_270' title='bbox 533 3297 577 3348; x_wconf 78' lang='lat' dir='ltr'>pr.</span> <span class='ocrx_word' id='word_1_271' title='bbox 608 3280 612 3349; x_wconf 93' lang='grc' dir='ltr'>Ι</span> <span class='ocrx_word' id='word_1_272' title='bbox 642 3280 666 3332; x_wconf 89' lang='lat' dir='ltr'>si</span> <span class='ocrx_word' id='word_1_273' title='bbox 685 3280 776 3334; x_wconf 90' lang='lat' dir='ltr'>hieme</span> <span class='ocrx_word' id='word_1_274' title='bbox 795 3281 868 3334; x_wconf 90' lang='lat' dir='ltr'>adde</span> <span class='ocrx_word' id='word_1_275' title='bbox 887 3282 915 3335; x_wconf 93' lang='lat' dir='ltr'><strong><em>P</em></strong></span> <span class='ocrx_word' id='word_1_276' title='bbox 939 3282 948 3349; x_wconf 75' lang='grc' dir='ltr'><strong>Η</strong></span> <span class='ocrx_word' id='word_1_277' title='bbox 977 3286 1009 3334; x_wconf 88' lang='grc'>13</span> <span class='ocrx_word' id='word_1_278' title='bbox 1029 3282 1141 3335; x_wconf 88' lang='lat' dir='ltr'>seminis</span> <span class='ocrx_word' id='word_1_279' title='bbox 1157 3296 1180 3348; x_wconf 94' lang='lat' dir='ltr'>p.</span> 
     </span>
     <span class='ocr_line' id='line_1_32' title="bbox 175 3348 1179 3423; baseline -0.001 -21"><span class='ocrx_word' id='word_1_280' title='bbox 175 3348 214 3402; x_wconf 83' lang='lat' dir='ltr'>ed.</span> <span class='ocrx_word' id='word_1_281' title='bbox 226 3366 271 3416; x_wconf 80' lang='lat' dir='ltr'>pr.</span> <span class='ocrx_word' id='word_1_282' title='bbox 297 3354 301 3415; x_wconf 90' lang='lat' dir='ltr'>l</span> <span class='ocrx_word' id='word_1_283' title='bbox 326 3366 391 3403; x_wconf 89' lang='lat' dir='ltr'>sem.</span> <span class='ocrx_word' id='word_1_284' title='bbox 410 3348 468 3416; x_wconf 87' lang='lat' dir='ltr'>apii</span> <span class='ocrx_word' id='word_1_285' title='bbox 487 3365 552 3402; x_wconf 89' lang='lat' dir='ltr'>sem.</span> <span class='ocrx_word' id='word_1_286' title='bbox 569 3350 620 3403; x_wconf 87' lang='lat' dir='ltr'>sin.</span> <span class='ocrx_word' id='word_1_287' title='bbox 636 3352 664 3404; x_wconf 94' lang='lat' dir='ltr'><strong><em>P</em></strong></span> <span class='ocrx_word' id='word_1_288' title='bbox 684 3367 729 3419; x_wconf 90' lang='lat' dir='ltr'>ap.</span> <span class='ocrx_word' id='word_1_289' title='bbox 745 3368 810 3405; x_wconf 91' lang='lat' dir='ltr'>sem.</span> <span class='ocrx_word' id='word_1_290' title='bbox 826 3368 921 3405; x_wconf 88' lang='lat' dir='ltr'>semen</span> <span class='ocrx_word' id='word_1_291' title='bbox 939 3351 990 3405; x_wconf 91' lang='lat' dir='ltr'>sin.</span> <span class='ocrx_word' id='word_1_292' title='bbox 1006 3354 1070 3407; x_wconf 88' lang='lat' dir='ltr'><strong><em>AF</em></strong></span> <span class='ocrx_word' id='word_1_293' title='bbox 1086 3356 1096 3423; x_wconf 80' lang='grc' dir='ltr'>Η</span> <span class='ocrx_word' id='word_1_294' title='bbox 1116 3358 1148 3405; x_wconf 85' lang='grc'>14</span> <span class='ocrx_word' id='word_1_295' title='bbox 1163 3352 1179 3402; x_wconf 88' lang='lat' dir='ltr'>t.</span> 
     </span>
     <span class='ocr_line' id='line_1_33' title="bbox 175 3420 963 3492; baseline 0.005 -19"><span class='ocrx_word' id='word_1_296' title='bbox 175 3420 201 3473; x_wconf 93' lang='lat' dir='ltr'>b.</span> <span class='ocrx_word' id='word_1_297' title='bbox 217 3437 242 3471; x_wconf 88' lang='lat' dir='ltr'>v.</span> <span class='ocrx_word' id='word_1_298' title='bbox 257 3421 325 3472; x_wconf 85' lang='lat' dir='ltr'>sext.</span> <span class='ocrx_word' id='word_1_299' title='bbox 340 3420 475 3473; x_wconf 85' lang='lat' dir='ltr'>miscetur</span> <span class='ocrx_word' id='word_1_300' title='bbox 492 3420 540 3487; x_wconf 86' lang='grc' dir='ltr'>ΡΙΙ</span> <span class='ocrx_word' id='word_1_301' title='bbox 555 3424 587 3472; x_wconf 81' lang='lat' dir='ltr'>la</span> <span class='ocrx_word' id='word_1_302' title='bbox 607 3436 661 3488; x_wconf 92' lang='lat' dir='ltr'>que</span> <span class='ocrx_word' id='word_1_303' title='bbox 679 3438 730 3475; x_wconf 77' lang='lat' dir='ltr'>ora.</span> <span class='ocrx_word' id='word_1_304' title='bbox 746 3424 773 3475; x_wconf 97' lang='lat' dir='ltr'><strong><em>A</em></strong></span> <span class='ocrx_word' id='word_1_305' title='bbox 790 3427 793 3492; x_wconf 89' lang='grc' dir='ltr'>Ι</span> <span class='ocrx_word' id='word_1_306' title='bbox 810 3439 854 3477; x_wconf 90' lang='lat' dir='ltr'>an.</span> <span class='ocrx_word' id='word_1_307' title='bbox 869 3440 919 3477; x_wconf 84' lang='lat' dir='ltr'>om.</span> <span class='ocrx_word' id='word_1_308' title='bbox 936 3425 963 3477; x_wconf 94' lang='lat' dir='ltr'><strong><em>P</em></strong></span> 
     </span>
    </p>

    <p class='ocr_par' dir='ltr' id='par_1_10' title="bbox 175 3489 1181 3627">
     <span class='ocr_line' id='line_1_34' title="bbox 248 3489 1181 3565; baseline 0.004 -23"><span class='ocrx_word' id='word_1_309' title='bbox 248 3496 280 3542; x_wconf 87' lang='lat'>18</span> <span class='ocrx_word' id='word_1_310' title='bbox 300 3490 397 3542; x_wconf 88' lang='lat' dir='ltr'>sedin</span> <span class='ocrx_word' id='word_1_311' title='bbox 416 3489 586 3542; x_wconf 89' lang='lat' dir='ltr'>adiutorium</span> <span class='ocrx_word' id='word_1_312' title='bbox 601 3492 692 3558; x_wconf 72' lang='lat' dir='ltr'>Plet</span> <span class='ocrx_word' id='word_1_313' title='bbox 709 3493 756 3546; x_wconf 86' lang='lat' dir='ltr'>alt.</span> <span class='ocrx_word' id='word_1_314' title='bbox 771 3510 821 3547; x_wconf 79' lang='lat' dir='ltr'>ora.</span> <span class='ocrx_word' id='word_1_315' title='bbox 838 3494 882 3565; x_wconf 88' lang='grc' dir='ltr'>ΡΙ</span> <span class='ocrx_word' id='word_1_316' title='bbox 899 3496 1012 3563; x_wconf 85' lang='lat' dir='ltr'>partum</span> <span class='ocrx_word' id='word_1_317' title='bbox 1031 3493 1181 3564; x_wconf 60' lang='grc'><strong>11111910-</strong></span> 
     </span>
     <span class='ocr_line' id='line_1_35' title="bbox 175 3559 860 3627; baseline 0.009 -15"><span class='ocrx_word' id='word_1_318' title='bbox 175 3563 236 3613; x_wconf 85' lang='lat' dir='ltr'>tum</span> <span class='ocrx_word' id='word_1_319' title='bbox 256 3563 283 3614; x_wconf 92' lang='lat' dir='ltr'><strong><em>P</em></strong></span> <span class='ocrx_word' id='word_1_320' title='bbox 298 3559 396 3613; x_wconf 89' lang='lat' dir='ltr'>botum</span> <span class='ocrx_word' id='word_1_321' title='bbox 416 3561 453 3614; x_wconf 89' lang='lat' dir='ltr'><em>M</em></span> <span class='ocrx_word' id='word_1_322' title='bbox 469 3562 567 3627; x_wconf 90' lang='lat' dir='ltr'>potum</span> <span class='ocrx_word' id='word_1_323' title='bbox 587 3560 694 3627; x_wconf 73' lang='lat' dir='ltr'>M²1e</span> <span class='ocrx_word' id='word_1_324' title='bbox 713 3562 814 3617; x_wconf 87' lang='lat' dir='ltr'>lotium</span> <span class='ocrx_word' id='word_1_325' title='bbox 832 3566 860 3618; x_wconf 92' lang='lat' dir='ltr'><strong><em>A</em></strong></span> 
     </span>
    </p>
   </div>
   <div class='ocr_carea' id='block_1_9' title="bbox 0 0 1260 3892">
    <p class='ocr_par' dir='ltr' id='par_1_11' title="bbox 0 0 1260 3892">
     <span class='ocr_line' id='line_1_36' title="bbox 0 0 1260 3892; baseline 0 1"><span class='ocrx_word' id='word_1_326' title='bbox 0 0 1260 3892; x_wconf 95' lang='lat' dir='ltr'> </span> 
     </span>
    </p>
   </div>
  </div>
 </body>
</html>
