2509 3892
414 177 554 233 MVLOM.
573 179 600 232 Π
617 185 723 234 er-au
1015 183 1079 246 129

64 350 183 425 «55555555
209 350 240 407 55
267 348 356 406 melle
385 348 476 405 tertia
506 345 553 404 die
582 346 749 407 diutissime
779 350 954 424 confricato,
986 350 1080 410 donec

77 441 165 514 egestu
187 436 270 496 sanie
288 436 484 494 convalescat.
530 434 617 504 Quod
635 439 743 510 evenit,
766 455 833 495 cum
852 438 961 497 humor
984 441 1080 498 acrior

77 544 106 583 er
126 527 219 601 capite
241 526 275 582 in
298 523 489 583 maxillarum
511 524 668 584 defluxerit
690 543 789 584 venas.

338 730 516 795 XXXIII.
539 730 589 795 Dc
611 751 676 797 osse
694 734 804 815 fracto.

50 879 64 918 5
135 860 243 931 Quodsi
261 862 373 921 animal
387 859 472 919 iuxta
487 860 597 919 collum
611 861 660 918 vel
672 861 801 920 molares
814 861 862 919 vel
877 861 937 921 alio
952 863 1012 920 oris
1040 874 1187 916 messem.

77 949 134 1009 loco
151 968 182 1010 os
199 951 331 1028 fregerit,
354 952 390 1007 ut
407 965 540 1007 morsum
558 949 695 1008 claudere
718 968 778 1008 non
796 949 892 1024 possit
915 953 945 1008 55
967 953 1080 1026 apertis

77 1038 203 1097 dentibus
232 1040 353 1098 horreat
386 1037 638 1113 propendentibus
672 1038 777 1112 labris,
812 1038 952 1097 continuo
982 1039 1082 1098 calida

77 1127 242 1187 fomentabis
272 1129 303 1185 et
332 1125 449 1185 labrum
478 1129 508 1184 et
538 1145 614 1201 quae
647 1130 718 1185 sunt
753 1127 891 1203 disrupta
920 1130 1080 1203 componis.

77 1214 202 1275 Fasciola
214 1215 391 1274 tenuissima
404 1217 488 1274 aceto
507 1217 538 1274 55
552 1216 617 1274 5155
631 1216 800 1275 madefacta
814 1216 974 1293 diligenter
990 1236 1082 1275 unam

40 1321 64 1361 rc
77 1306 184 1379 partem
212 1304 317 1363 deinde
345 1304 472 1363 alteram
499 1303 664 1381 compingis
697 1304 735 1362 ad
761 1305 860 1364 locum
887 1307 918 1364 et
944 1306 1083 1364 similiter

76 1392 200 1468 fasciato,
219 1412 256 1452 ne
270 1393 379 1452 iterum
393 1391 561 1467 dissipetur.
595 1391 652 1451 (lui
670 1394 700 1451 et
713 1393 873 1452 curcubam
891 1394 1082 1453 constrictam
1098 1396 1116 1452 2

77 1483 186 1557 oportet
202 1481 326 1557 imponi,
344 1501 381 1540 ne
399 1480 543 1557 depravet
560 1480 664 1540 dentes
683 1484 713 1540 55
731 1481 823 1541 lubra
867 1480 941 1540 oum
959 1482 1082 1542 solveris

77 1569 112 1627 ad
132 1570 299 1644 curandum,
322 1588 413 1628 manu
432 1588 509 1644 quac
529 1572 598 1628 anto
621 1572 821 1646 composueris
840 1573 998 1645 continete,
1021 1571 1082 1629 fur·

77 1659 165 1718 furem
193 1661 224 1717 et
250 1660 381 1717 farinam
402 1658 508 1717 hordei
536 1660 632 1717 mixta
654 1660 687 1717 in
717 1659 811 1719 cofino
842 1659 879 1717 ad
902 1660 1082 1719 manducan·

41 1764 64 1803 rs
77 1746 141 1805 dum
161 1748 256 1821 dabis,
278 1749 323 1806 ita
345 1750 381 1805 ut
403 1747 547 1822 quamdin
569 1747 740 1822 manducat,
762 1766 868 1807 manus
890 1751 945 1807 tua
968 1767 986 1807 a
1007 1749 1084 1822 loco,

76 1854 156 1910 quem
174 1838 315 1910 continet,
333 1856 393 1895 nou
410 1835 537 1894 recedat.
575 1834 650 1894 (lum
667 1837 729 1895 iam
747 1837 926 1895 manducare
944 1838 1084 1911 noluerit,

76 1923 171 1984 offerto
194 1927 223 1984 ei
246 1944 364 2001 aquam,
387 1927 422 1984 ut
444 1923 535 1982 bibat.
583 1923 658 1983 Oum
676 1924 793 2000 biberit,
817 1928 919 1984 curato
944 1926 1084 1985 similiter

76 2016 106 2071 ut
132 2016 368 2090 suprascriptum
397 2014 450 2072 est.
500 2011 555 2071 Oui
587 2014 617 2071 et
647 2032 751 2072 sucum
777 2017 914 2090 ptisanae
945 2017 1085 2074 convenit

76 2100 144 2176 dari,
166 2105 193 2162 si
215 2103 314 2161 minus
345 2104 471 2161 fortasse
500 2101 735 2161 manducaverit.
777 2102 871 2171 Quem
899 2104 957 2160 tali
986 2103 1083 2161 obser·

42 2192 187 2251 5555555555
210 2210 264 2268 per
285 2190 337 2249 XL
361 2191 424 2250 dies
447 2193 584 2249 curatum
606 2192 746 2250 restitues
770 2191 901 2251 sanitati.

124 2397 291 2463 XXXIV.
314 2397 365 2462 De
386 2398 569 2479 mutilupe'ue
591 2398 721 2462 curium
743 2398 772 2462 si
793 2397 924 2478 5559555
945 2398 1032 2477 fluct.

138 2528 169 2587 Si
187 2529 321 2586 iumento
335 2528 453 2586 narium
467 2528 613 2605 cartilago
632 2529 772 2603 corrupta
791 2527 831 2585 sit
847 2528 877 2584 55
895 2527 1017 2604 sanguis
1044 2537 1192 2579 messem.

78 2618 192 2690 reprimi
201 2617 374 2692 nonpossit,
388 2616 545 2693 spongiam
554 2616 661 2674 Afrum
676 2618 707 2674 et
717 2617 793 2674 turis
802 2615 929 2674 masculi
941 2615 1086 2691 pollinem

143 2773 158 2820 5
177 2767 365 2822 55155544.
457 2773 489 2821 11
510 2763 582 2819 chir.
598 2782 620 2820 e.
637 2771 696 2820 545.
792 2771 823 2819 rr
844 2765 916 2821 cuir.
933 2784 955 2821 c.
972 2772 1032 2821 sue.

80 2841 109 2889 aa
127 2837 197 2892 cun.
213 2855 235 2892 5,
252 2843 303 2892 eur
323 2837 358 2892 cf.
372 2837 430 2892 Pel.
446 2855 469 2891 5.
485 2842 528 2904 55,
543 2842 585 2890 55.

143 2986 221 3050 seg.
236 2979 315 3034 sanie
333 2996 384 3034 om.
399 2981 426 3034 P
457 2982 467 3049 ΙΙ
501 2978 565 3032 tin
584 2978 680 3046 aliquo
699 2995 724 3033 o.
739 2978 757 3031 1.
773 2981 801 3033 P
830 2981 839 3048 ΙΙ
873 2978 953 3033 8551
971 2995 1045 3047 quac
1064 2997 1085 3032 5.

82 3048 211 3119 dissipatu
229 3053 257 3105 P
279 3053 289 3119 ΙΙ
317 3056 349 3105 11
369 3067 419 3103 cru
437 3053 466 3103 et
484 3065 625 3104 curcmom
644 3051 672 3103 Α
691 3049 736 3103 eui
755 3052 784 3104 et
802 3050 947 3103 curamine
965 3050 1087 3104 contrito

83 3120 105 3172 P
125 3136 284 3176 curcumam
307 3123 345 3175 M
368 3120 414 3175 cui
439 3122 469 3174 55
492 3119 605 3174 corbem
627 3136 650 3173 c.
678 3136 773 3191 morpo
799 3136 960 3174 crumenam
984 3122 1025 3175 ed.
1040 3139 1086 3191 pr.

82 3206 141 3246 corr.
156 3194 229 3248 Otir.
257 3195 266 3262 ΙΙ
294 3197 327 3244 12
345 3191 425 3245 labia
442 3193 470 3246 A
484 3193 523 3246 ed.
535 3208 579 3260 pr.
602 3192 612 3261 11
635 3196 667 3244 13
687 3190 724 3245 ad
742 3207 798 3245 cur.
818 3207 869 3245 om.
884 3193 912 3247 P
934 3193 939 3260 Ι
965 3207 1085 3260 compos.

82 3261 1088 3332 555ΡΙ5555551151145515555515555555555555Ρ5551555

82 3332 987 3403 55.111115155555.ΑΙ5511555555Α111655555-1511555555.Α
1004 3334 1088 3403 lcum

25 3443 26 3448 1
82 3418 137 3458 vcro
149 3423 185 3459 m.
200 3404 322 3458 voluerit
335 3405 407 3473 plus,
422 3402 491 3457 offer
505 3404 531 3457 ci
546 3419 570 3457 a.
581 3405 610 3457 P
620 3405 630 3472 ss
646 3407 678 3456 18
692 3419 743 3471 per
756 3419 837 3457 uaros
852 3420 875 3458 5.
890 3403 957 3456 dare
973 3405 1000 3456 P
1013 3404 1087 3458 ooo.

26 3483 28 3544 ξ
144 3481 177 3530 23
201 3493 241 3544 sp.
262 3478 358 3529 ustam
382 3478 410 3530 P
446 3483 450 3544 Ι
487 3475 553 3528 thus
578 3473 736 3528 masculum
760 3473 866 3543 polline
891 3472 1041 3526 commixto
1059 3474 1089 3527 A

26 3549 28 3562 '
81 3546 192 3600 55555511
209 3563 260 3601 cm.
276 3548 304 3601 P

128 3644 251 3685 vacamus
266 3644 301 3684 ed
315 3643 481 3685 nommaszrou
910 3633 926 3679 9
946 3650 954 3666 ·
