2509 3892
451 120 592 176 MVLOM.
611 121 624 174 Ι
643 126 675 175 1‘1
1026 120 1069 186 39

57 293 114 349 iam
142 291 259 350 relatae
288 293 373 365 sunt,
407 292 513 349 asserit
542 291 676 349 catulum
708 290 871 349 lactantem
904 292 1008 351 vivum
1036 291 1069 349 in

56 399 161 455 aquam
185 381 350 439 ferventem
379 381 504 439 missum
534 397 568 438 ac
598 379 763 456 depilatum
791 380 836 437 ita
866 379 1003 456 decoqui,
1033 382 1069 438 ut

56 487 118 528 ossa
135 471 316 545 separentur
339 487 357 526 a
381 487 483 544 came;
507 468 616 544 quibus
635 469 795 546 diligenter
814 468 931 542 ablatis,
954 470 1068 528 viscera

56 576 117 615 cum
141 577 235 634 aqua,
256 560 289 616 in
307 576 367 633 qua
386 557 508 616 decocta
525 558 646 632 tuerint,
669 557 834 633 liquamine
853 558 975 632 optimo,
998 559 1068 616 vino

31 647 145 705 caeteri
168 651 202 706 et
226 648 291 706 oleo
315 649 345 706 et
367 648 470 722 pipere
498 664 564 704 cum
587 647 674 706 melle
702 646 822 705 condita
845 646 884 705 ad
906 645 950 704 VI
972 648 1068 706 sexta·

54 736 108 794 rios
131 736 244 795 debere
271 737 397 809 servari,
427 753 462 794 ac
484 735 610 813 singulis
639 735 817 795 animalibus
844 735 930 794 binas
954 735 1068 810 cotyles

54 827 230 900 tepefactae,
253 826 345 884 donec
368 824 407 884 ad
429 826 590 884 sanitatem
607 823 794 904 perveniant,
816 823 919 883 diebus
943 823 1068 902 singulis

56 913 115 970 dari
130 934 188 989 per
208 916 320 973 fauces.
358 913 456 989 Caput
473 932 591 990 quoque
615 912 775 972 haedinum
798 932 956 989 omnesque
979 911 1068 988 pedes
1081 915 1122 971 17

56 1000 199 1077 depilatos
233 1003 271 1063 ad
301 1002 429 1062 calidam
459 1022 494 1061 ea
520 1002 651 1076 ratione,
681 1021 741 1078 qua
768 1003 914 1076 catulum,
944 1001 1070 1077 excoqui

25 1089 224 1167 sublatisque
254 1092 369 1152 ossibus
399 1092 527 1166 condiri,
557 1095 587 1150 et
615 1091 694 1151 binis
726 1092 833 1168 cotylis
863 1091 901 1150 ad
929 1091 1007 1149 diem
1036 1092 1069 1149 in

56 1182 207 1252 potionem
230 1200 284 1258 per
307 1199 399 1240 cornu
421 1182 538 1257 saepius
564 1180 643 1240 datis
672 1181 783 1239 animal
805 1179 974 1240 morbidum
995 1180 1068 1239 libe·

55 1269 118 1326 rari
159 1270 209 1330 De
240 1270 321 1348 gallo
351 1288 468 1347 quoque
498 1269 665 1347 gallinaceo
695 1269 763 1328 albo
793 1269 896 1328 eadem
928 1288 1005 1345 quae
1032 1269 1068 1328 de

57 1358 150 1417 catulo
182 1359 370 1420 observanda
398 1359 590 1418 demonstrat.
639 1358 781 1417 Radicem
814 1377 931 1434 quoque
960 1358 1120 1418 herbaelss

57 1447 221 1522 tithymalli
243 1448 396 1508 decoctam
414 1466 482 1506 cum
499 1449 570 1507 vino
593 1447 674 1505 dulci
697 1447 768 1506 dare
789 1447 931 1506 morbidis
955 1447 1068 1507 suadet.

26 1533 92 1591 ulli
112 1556 233 1614 quoque
256 1538 394 1613 animali,
424 1537 504 1612 quod
530 1536 676 1612 profluvio
699 1536 801 1595 Attico
829 1537 960 1612 coeperit
985 1536 1120 1597 labo-19

58 1641 125 1698 rare,
148 1629 194 1686 ita
214 1630 249 1686 ut
267 1626 371 1685 viridis
394 1628 423 1685 ci
444 1626 493 1685 vel
511 1626 641 1702 pallidus
665 1644 718 1701 per
739 1643 826 1684 nares
843 1625 951 1684 humor
973 1645 1069 1685 erum-

59 1715 114 1787 pat,
135 1735 171 1774 ex
195 1717 271 1776 lotio
289 1716 418 1774 humano
436 1717 532 1774 veteri
553 1715 602 1774 vel
620 1714 747 1774 arietino
766 1714 839 1776 duas
863 1715 978 1791 cotylae
1002 1732 1069 1774 cum

58 1819 111 1860 uuo
134 1806 245 1880 cyatho
270 1803 327 1863 olei
350 1806 428 1865 rosei
455 1806 544 1881 putet
572 1822 634 1863 esse
656 1804 820 1864 miscendas
846 1806 876 1863 et
898 1823 951 1879 per
973 1823 1068 1880 nares,

26 2039 27 2046 ’
122 2028 233 2083 achin.
254 2045 276 2081 c.
293 2033 354 2096 ⁸200,
369 2032 428 2082 815.
528 2031 561 2080 13
581 2025 654 2080 Chir.
675 2044 696 2080 c.
717 2032 766 2080 201
787 2032 871 2096 pol,
892 2032 933 2081 17.
953 2033 1013 2081 813.

61 2101 89 2148 15
106 2097 178 2153 Chir.
194 2117 217 2154 c.
234 2105 293 2153 203.
893 2107 898 2114 '

101 2382 106 2393 ι
124 2318 138 2366 1
158 2262 280 2368 asscrffib
298 2314 326 2367 A
356 2317 359 2379 Ι
388 2312 541 2366 lactentem
559 2314 587 2365 P
615 2314 618 2378 Ι
645 2310 676 2364 in
694 2327 768 2381 aqua
787 2310 906 2366 ferventi
924 2313 952 2366 A
970 2312 1010 2365 cd.
1020 2328 1066 2393 pr.
1087 2321 1089 2326 ’

62 2378 126 2435 Cle.
148 2387 158 2453 11
181 2391 197 2437 2
217 2384 391 2453 decoquatur
408 2385 436 2438 P
456 2386 466 2454 ΙΙ
489 2388 504 2435 3
524 2384 707 2452 repperentur
725 2384 753 2438 A
777 2387 781 2451 Ι
805 2383 913 2437 viscera
931 2382 991 2437 LP
1008 2398 1067 2435 erue

60 2465 117 2505 caro
131 2456 197 2510 AF
211 2456 251 2510 ed.
263 2473 307 2524 pr.
322 2458 362 2524 114
381 2470 403 2508 c.
419 2471 444 2508 a.
463 2454 494 2508 in
508 2470 582 2522 aqua
601 2454 716 2509 decocta
734 2452 896 2535 fuerint'ec'c
911 2454 941 2507 F
956 2470 1020 2507 cum
1038 2453 1068 2505 in

63 2588 128 2643 uua
141 2580 167 2633 u.
183 2581 212 2635 Ρ
222 2582 262 2648 ue
281 2581 332 2633 cuc
348 2594 372 2632 ο.
388 2578 423 2643 n,
442 2580 471 2632 ec
484 2579 566 2633 uuam
581 2578 655 2633 cuer.
670 2577 757 2633 veteri
772 2580 800 2632 ec
818 2540 886 2644 ἔίἒὲ
897 2580 925 2633 A
950 2580 954 2647 ι
978 2593 1067 2647 usque

62 2645 128 2726 adA
140 2652 231 2720 edpr.
249 2656 253 2717 l
269 2650 306 2704 ad
320 2650 472 2704 sextarium
486 2650 545 2705 LA
552 2650 583 2704 F
588 2652 628 2705 cd.
635 2668 679 2720 pr.
695 2652 763 2704 sext.
778 2648 817 2702 HI
832 2649 903 2704 eutr.
918 2651 957 2774 Γ
971 2666 1067 2719 perve-

64 2723 132 2774 ment
145 2724 173 2777 A
187 2724 196 2792 ΙΙ
211 2728 227 2777 8
242 2722 304 2775 dari
313 2722 340 2774 L
355 2721 417 2775 dari
431 2721 533 2775 debere
546 2720 587 2776 cd.
597 2739 639 2791 pr.
655 2721 681 2774 d.
698 2721 800 2776 debeat
809 2720 873 2776 AF
885 2721 919 2775 de
940 2737 985 2775 cre
1000 2722 1066 2776 dare

64 2787 202 2861 Plpedee
221 2794 281 2847 eine
300 2793 326 2845 L
340 2795 379 2862 119
398 2793 443 2846 ad.
459 2809 481 2846 c.
501 2792 647 2861 eandemq.
667 2792 805 2847 rationem
824 2793 850 2846 L
868 2791 899 2845 in
922 2792 1015 2846 calida
1034 2809 1068 2847 ea

63 2863 122 2940 13P
137 2865 175 2919 ad
194 2863 351 2919 calderim
370 2864 470 2919 eadem
491 2882 512 2918 r.
533 2866 573 2919 cd.
584 2882 628 2933 pr.
665 2869 668 2931 Ι
702 2866 839 2933 excoquat
862 2864 927 2918 AF
950 2864 1068 2933 excoqui

66 2929 174 2991 <luimus
193 2936 220 2989 Β
240 2938 250 3004 u
271 2941 305 2990 10
322 2936 394 2991 vinis
413 2935 514 2990 cotulis
533 2935 560 2987 L
576 2940 579 3002 Ι
602 2949 653 3004 per
672 2935 697 2987 d.
713 2937 752 2990 ccl.
763 2953 808 3005 pr.
826 2940 829 3003 Ι
845 2934 876 2989 in
893 2935 1008 3004 potione
1026 2937 1066 2991 cd.

64 3008 158 3077 PLPH
173 3013 206 3061 11
226 3006 316 3060 morbi
335 3006 424 3061 delib-
439 3006 490 3075 Fll
509 3012 542 3060 13
562 3006 655 3060 catulo
676 3004 722 3058 fac
740 3008 789 3076 Pq
803 3012 837 3060 14
856 3006 918 3060 dari
936 3006 996 3062 ΒΡ
1010 3011 1014 3074 Ι
1029 3025 1066 3064 m.

68 3073 224 3132 minulibus
242 3079 282 3133 cd.
293 3096 337 3148 pr.
372 3081 382 3148 l
416 3083 450 3132 15
469 3078 518 3146 qni
537 3078 563 3130 L
602 3083 605 3144 Ι
643 3075 751 3145 profluo
774 3078 896 3145 adtequo
915 3077 942 3130 L
959 3077 1067 3146 profluo

69 3143 148 3205 Attico
167 3151 196 3205 P
216 3153 227 3220 ΙΙ
250 3155 282 3203 16
301 3149 328 3203 ei
346 3166 397 3204 om.
413 3151 441 3204 A
456 3151 460 3217 Ι
477 3151 527 3202 aui
545 3167 572 3217 p.
587 3148 614 3201 L
635 3147 639 3219 Ι
659 3163 709 3217 per
726 3166 754 3201 n.
769 3165 820 3204 om.
835 3148 871 3215 L,
889 3150 969 3203 babet
985 3152 1067 3205 ctiam

69 3213 128 3278 ebir.
142 3228 151 3288 ΙΙ
167 3226 199 3275 1‘1
215 3220 303 3274 veteri
316 3220 362 3274 vel
380 3235 419 3273 ar.
434 3220 461 3273 L
475 3220 563 3274 veteri
578 3220 637 3274 FP
649 3219 737 3273 veteri
752 3219 778 3273 ei
793 3222 821 3275 A
833 3220 879 3273 vel
898 3235 936 3273 ar.
951 3221 992 3275 cd.
1002 3220 1064 3292 pal

70 3299 119 3345 cun
134 3310 191 3348 nno
211 3308 234 3345 c.
253 3291 280 3344 L
300 3292 371 3347 Olcir.
392 3308 455 3345 cum
475 3291 540 3344 vino
564 3293 592 3345 et
611 3307 633 3344 c.
653 3307 709 3345 uuo
728 3291 792 3346 AF
806 3292 847 3346 cd.
862 3308 907 3360 pr.
922 3292 982 3360 (om.
1000 3294 1067 3361 uno)

70 3372 120 3416 vum
136 3364 193 3418 vini
218 3363 311 3417 ciatho
330 3364 359 3417 et
377 3363 439 3417 oleo
462 3379 541 3417 roseo
564 3362 649 3417 misce
664 3365 692 3417 P
704 3364 713 3430 ΙΙ
728 3368 761 3416 18
779 3361 886 3416 rosacei
902 3362 930 3415 A
948 3362 988 3415 ed.
999 3362 1065 3432 pel

69 3434 241 3501 cummuni,
260 3434 388 3488 incendas
407 3434 434 3490 L
464 3433 467 3504 l
500 3436 529 3488 et
546 3433 662 3486 naribus
681 3433 837 3486 siccitatem
855 3432 998 3498 praestare
1017 3446 1068 3498 per

71 3515 137 3560 nares
156 3508 184 3561 A
201 3522 338 3574 suprascr.
356 3506 440 3558 vacat
696 3531 700 3541 ·
