2509 3892
150 159 215 224 278
529 159 533 165 ’
590 157 727 213 uncum

148 330 282 405 ipsorum
309 327 399 386 boum
428 327 544 386 utilitas
574 330 605 386 et
635 328 746 405 gratia,
776 328 846 387 siue*
870 326 978 403 quibus
1009 347 1072 387 nec*
1092 331 1172 387 terra

149 418 244 477 excoli
258 433 320 476 anec
342 417 507 475 humanum
534 435 627 495 genus
656 418 819 476 sustentari
846 417 997 475 ullatenus
1018 420 1171 493 poterunt

97 508 102 516 ⁴
148 504 263 567 cuncta
286 507 380 584 igitur
401 506 555 583 legumina
584 508 648 564 sive
675 505 825 565 firmenta
849 505 949 575 ‚bobus
972 507 1082 566 merito
1106 525 1171 565 ara·

147 595 262 670 trisque
294 594 452 670 debentur,
488 597 645 654 uinearum
676 595 811 669 ipsarum
846 608 918 654 usus
950 597 1077 671 periret,
1114 598 1171 655 nisi

114 687 254 744 deorum
282 684 472 743 adminiculis
499 683 697 743 subvehendis
725 687 867 759 carpenta
894 684 1045 744 sudarent.
1094 685 1171 755 Quid
1188 705 1206 745 ¹s

149 774 185 833 de
214 773 398 834 diversorum
428 791 551 831 onerum
581 774 804 849 comparatione
832 774 1010 850 referamus,
1040 774 1115 833 dum
1143 779 1171 833 ct

147 864 228 922 inter
245 863 370 921 mobilia
393 862 541 938 quidquid
559 865 681 941 gravius
705 864 750 922 est
774 862 884 938 absque
908 863 1053 922 vehiculis
1076 866 1171 939 paene

147 952 291 1012 reddatur
319 949 493 1010 immobile?
541 951 671 1027 Reliqua
700 954 819 1027 quoque
852 952 997 1011 animalia
1025 953 1169 1028 ipsaeque

148 1042 314 1102 cohortales
351 1058 421 1101 aves
454 1060 489 1099 ex
525 1059 628 1100 eorum
654 1042 790 1116 ¹capiunt
826 1040 928 1101 labore
959 1040 1169 1101 substantiam.

148 1129 233 1189 Unde
263 1132 343 1188 enim
375 1131 459 1205 equis
493 1130 650 1203 hordeum,
684 1129 763 1188 unde
793 1129 893 1188 cibum
922 1131 1060 1201 canibus,
1093 1131 1168 1190 unde
1181 1151 1202 1190 u

147 1221 246 1295 porcis
268 1218 413 1294 pabulum
436 1219 625 1278 dominorum
647 1218 782 1279 sollertia
804 1220 1002 1292 ministraret,
1026 1221 1060 1278 ui
1083 1238 1167 1296 para-

114 1310 253 1368 5rentur
284 1308 375 1368 boum
406 1308 507 1368 labore
543 1305 715 1367 frumenta?
757 1307 797 1366 Et
828 1327 865 1366 ne
894 1308 1019 1386 longum
1050 1309 1168 1383 faciam,

146 1397 240 1458 bobus
264 1397 372 1457 debent
399 1398 554 1473 alimenta,
585 1397 732 1473 quidquid
762 1397 804 1456 ali
830 1399 937 1472 potest.
979 1397 1072 1474 Apud
1094 1399 1167 1458 alios

147 1506 239 1564 genus
262 1488 425 1560 mulorum,
448 1486 528 1562 apud
551 1486 626 1545 ahos
651 1487 845 1560 camelorum,
870 1486 951 1562 apud
974 1504 1088 1562 paucos
1112 1488 1168 1547 ele·

146 1577 327 1652 phantorum
349 1576 420 1635 licet
443 1576 566 1654 exiguus
590 1594 661 1634 usus
688 1577 746 1635 est:
769 1575 853 1633 nulla
875 1578 976 1651 potest
998 1578 1083 1635 natio
1107 1595 1167 1637 esse
1180 1596 1201 1636 u

113 1666 211 1724 tsine
233 1664 336 1723 bobus.
382 1664 544 1739 Postremo,
566 1667 601 1723 ut
624 1664 664 1723 ad
685 1664 1016 1740 providentissimomm
1037 1667 1167 1726 virorum

147 1755 259 1829 scripta
287 1753 455 1829 redeamus,
487 1772 613 1829 quorum
641 1753 778 1813 firmatur
807 1755 986 1813 auctoritate
1015 1752 1168 1814 Iustitiam

146 1844 347 1919 iumentorum
376 1843 465 1902 caede
495 1843 641 1902 violatam
670 1842 821 1901 derelictis
850 1844 939 1902 terris
970 1842 1007 1901 ad
1039 1844 1168 1904 siderum

145 1945 291 1990 remeasse
306 1934 501 1991 consortium:
521 1931 594 2008 quid
607 1935 707 2007 potest
723 1931 905 1991 laudabilius
923 1933 1059 2007 reperiri,
1079 1951 1168 2009 quam

146 2023 180 2079 ut
212 2025 321 2079 numen
354 2021 568 2101 aequissimum
596 2020 687 2081 houm
720 2021 877 2100 fugaretur
907 2022 1048 2095 interitu,
1082 2022 1203 2099 quoda

113 2110 218 2170 7dum
240 2110 404 2170 homicidia
432 2109 550 2185 fierent,
579 2109 775 2185 permanebat
801 2112 834 2169 in
860 2108 970 2170 terris?
1011 2111 1168 2187 Duplicem

145 2199 241 2277 igitur
259 2199 492 2259 sollicitudinem
510 2202 629 2275 oportet
647 2200 790 2275 impendi,
808 2201 844 2258 ut
862 2202 977 2259 sanitas
995 2201 1168 2276 incorrupta

144 2291 320 2364 permaneat
353 2290 383 2348 et
417 2288 586 2367 aegritudo,
621 2307 698 2365 quae
730 2308 765 2347 ex
800 2307 872 2348 casu
906 2290 955 2348 rel
984 2290 1168 2380 negligentia
1198 2294 1200 2300 '

146 2379 208 2438 sive
230 2378 334 2438 labore
358 2381 512 2438 contracta
542 2382 600 2452 est,
630 2379 825 2454 competentis
854 2378 1021 2438 medicinae
1049 2382 1169 2438 curetur

145 2469 271 2527 ratione.
1178 2486 1201 2526 rs

359 2604 388 2668 I.
411 2604 461 2669 De
483 2604 674 2706 obsecundo
697 2604 786 2669 boum
809 2605 952 2670 sanitate.

47 2743 180 2785 mrum.
226 2691 268 2793 ut
297 2734 495 2812 longaeviet
524 2735 591 2793 sani
618 2736 680 2793 siut
706 2733 809 2809 boves,
830 2718 1001 2804 ,bubulcum
1028 2738 1166 2796 convenit

145 2823 301 2908 providere
331 2824 379 2882 vel
413 2823 578 2896 dominum,
609 2827 758 2899 quatenus
788 2823 949 2902 frigoribus
982 2825 1166 2885 calidissimo

217 2979 251 3028 16
270 2973 306 3029 cf.
320 2974 405 3045 Verg.
420 2990 516 3044 georg.
529 2974 555 3028 11
573 2980 635 3029 473.

218 3122 232 3170 7
253 3117 327 3171 inter
344 3117 463 3171 mobilia
481 3119 511 3172 et
527 3119 609 3188 uulgo
622 3119 632 3187 ΙΙ
647 3123 663 3171 9
682 3134 763 3172 aures
778 3121 806 3174 A
819 3122 828 3187 l}
844 3124 877 3173 12
896 3118 984 3174 faciat
998 3121 1026 3173 A
1040 3122 1050 3189 ΙΙ
1066 3126 1100 3175 13
1119 3137 1167 3190 ap·

144 3188 203 3243 tius
221 3188 292 3242 alios
311 3190 339 3244 A
351 3191 361 3258 ΙΙ
377 3195 408 3243 17
428 3188 577 3242 reddemus
596 3190 624 3243 A
648 3192 652 3257 Ι
678 3190 830 3244 auctoritas
848 3192 889 3245 ed.
900 3208 946 3260 pr.
961 3192 990 3245 A
1002 3203 1073 3247 corr.
1091 3195 1166 3248 Mor·

143 3261 267 3399 w
297 3260 507 3386 latim
524 3259 745 3400 'abitt
762 3262 1166 3405 ttattblffittt

145 3401 267 3471 reperire
282 3404 310 3458 A
323 3406 381 3472 [120
394 3418 497 3457 nomen
510 3403 550 3456 ed.
561 3421 606 3472 pr.
615 3404 643 3457 A
656 3419 725 3458 corr.
741 3406 833 3475 More.
847 3407 857 3473 11
871 3410 905 3458 28
919 3408 1035 3461 maneat
1048 3408 1089 3462 ed.
1101 3405 1168 3477 pri!

146 3476 181 3525 al
200 3473 340 3527 contraria
358 3476 387 3529 P
424 3497 426 3502 ·

218 3549 251 3599 28
270 3544 416 3613 pervidere
436 3543 464 3597 A
489 3544 493 3612 Ι
521 3543 726 3599 calidissimum
747 3547 839 3610 cubile
858 3548 1003 3603 muniatur
1021 3552 1049 3605 P
1102 3593 1106 3599 .
