2509 3892
189 149 215 202 X
592 148 633 202 De
652 147 802 203 codicibus.

188 318 324 395 stinguat
346 317 425 375 inter
447 316 591 375 vocabula
615 317 688 376 ista:
717 334 783 375 cum
806 315 842 374 de
866 315 954 376 rebus
980 334 1042 374 una
1064 318 1206 377 tractatis

186 405 389 465 tractandisve
404 406 477 483 agit,
491 406 587 464 utitur
600 424 663 464 voc.
678 406 751 464 lc'bcr
764 396 809 486 (1,
821 407 850 479 9,
863 407 890 464 6.
908 408 937 479 1,
952 408 1001 481 29,
1019 407 1046 463 1.
1064 408 1092 479 1,
1108 408 1159 477 64,
1174 407 1205 465 2.

190 497 218 570 3,
235 497 263 570 7,
279 486 322 574 3),
342 495 377 553 de
391 493 527 570 partibus
546 494 799 570 operiendam,
817 497 853 553 ut
873 498 901 569 1,
917 490 968 570 64,
984 496 1002 552 2
1021 497 1049 553 si
1067 495 1179 554 liber.
1197 541 1205 553 .

187 600 248 642 111
265 584 385 659 offendit
402 584 544 657 auditura,
566 586 726 657 sequenti
747 584 924 642 columine
939 629 945 640 .
960 629 967 641 .
976 584 1207 657 publicabimus.

255 672 354 750 Igitur
371 691 431 731 non
450 675 495 732 est
514 674 592 748 quod
610 672 754 731 librorum
772 671 916 731 formasa
935 671 1113 731 Schneidero
1133 691 1206 732 1111-
1254 715 1255 746 ,

188 762 300 821 cleatas
314 762 507 838 accipiamus:
523 779 714 837 quascunque
730 760 834 820 attulit
844 779 950 820 causae
965 763 1018 820 aut
1031 762 1121 820 nihili
1134 766 1207 820 sunt
1254 755 1255 830 1

189 854 242 911 aut
264 852 368 927 utique
391 853 531 910 anostra
554 851 702 909 sententia
725 852 814 909 stant.
856 850 981 909 Accedit
1003 850 1084 926 quod
1106 850 1206 928 Vege-
1254 839 1255 860 ¹

188 941 249 999 tius
271 941 430 1015 unicuique
449 940 524 998 libro
543 939 734 1015 praemittere
757 940 832 998 solet
849 939 1079 1016 praefationem
1102 943 1207 999 carent

188 1032 289 1088 autem
302 1030 488 1105 praefatione
506 1027 577 1086 libri
590 1020 708 1109 (Schn.)
726 1027 757 1086 Π
771 1031 801 1087 11
814 1028 855 1087 V:
875 1030 901 1087 si
919 1030 1020 1087 autem
1038 1047 1106 1087 cum
1125 1029 1206 1088 codi-

189 1119 272 1177 cibus
304 1118 414 1176 librum
440 1116 472 1175 II
494 1119 700 1194 coniungimus
735 1136 802 1176 cum
834 1116 911 1176 libro
943 1118 1012 1176 Iet
1043 1117 1155 1175 librum
1177 1117 1207 1173 V

189 1225 257 1266 cum
283 1206 368 1265 1111
397 1209 601 1282 unusquisque
628 1224 714 1266 suam
747 1206 823 1265 liber
856 1206 947 1265 habet
977 1206 1205 1282 praefationem

189 1297 325 1354 11111111
348 1294 467 1370 quidem
490 1296 526 1354 de
549 1295 738 1355 editionibus,

256 1472 294 1530 Π.
318 1472 400 1532 Inter
414 1472 554 1531 codices
572 1492 643 1532 vero
662 1493 768 1551 agmen
787 1473 876 1533 ducat
894 1473 1002 1532 codicis
1018 1471 1206 1534 Corbeiensis

151 1566 268 1620 Lnune
296 1561 444 1636 deperditi
473 1562 667 1640 apographon
695 1561 847 1622 Leidense.
897 1563 953 1620 Est
981 1564 1061 1621 inter
1090 1564 1206 1623 codices

188 1650 349 1710 Vossianos
376 1652 428 1710 lat.
447 1651 498 1709 fol.
519 1653 569 1724 71,
598 1652 731 1710 continet
755 1654 794 1709 71
824 1651 911 1710 folia:
939 1653 1066 1727 scriptus
1094 1655 1140 1711 est
1167 1652 1205 1711 ab

191 1759 250 1798 uno
265 1740 401 1812 librari03
416 1740 528 1799 contuli
542 1740 664 1799 Bonnae
680 1759 705 1798 a.
723 1741 816 1801 1898.
854 1739 948 1809 Quem
965 1740 1097 1799 codicem
1109 1744 1206 1816 possi-

191 1828 280 1887 debat
297 1827 403 1888 Petrus
423 1828 586 1888 Scriverius
605 1829 711 1888 deinde
729 1829 814 1888 Isaac
831 1829 964 1904 Vossius,
987 1830 1041 1906 qui
1060 1832 1206 1889 nonnulla

189 1917 220 1975 in
234 1917 369 1994 margine
383 1917 541 1977 adnotavit
558 1918 607 1976 vel
626 1921 760 1977 correxit.
801 1917 837 1975 In
855 1920 953 1994 prima
967 1917 1078 1996 pagina
1093 1919 1206 1995 scripta

188 2007 330 2083 leguntur
355 2007 441 2066 haee:
468 2007 645 2080 descriptum
671 2025 706 2067 ec
727 2010 925 2081 manuscripto
953 2008 1111 2080 exemplari
1136 2008 1207 2068 cor·

189 2097 311 2155 11111111
333 2098 502 2155 monasterii
526 2094 664 2155 Coronae
686 2114 765 2157 acco
787 2097 1027 2156 MDXXXVII
1045 2101 1114 2156 tuac
1137 2102 1206 2156 tem·

55 2197 60 2207 ·
184 2188 269 2259 poris
296 2185 378 2258 apud
398 2184 636 2245 aremarensis
659 2185 798 2260 deposito,
826 2186 929 2245 eadem
951 2186 984 2244 in
1006 2186 1057 2244 fol.
1079 2188 1142 2244 71'
1165 2188 1206 2246 le-

190 2277 301 2352 guntur
320 2273 421 2333 addito
445 2273 492 2333 die
517 2275 684 2334 9octobria
726 2274 838 2332 Fuerat
858 2276 953 2352 igitur
971 2274 1061 2333 codex
1085 2294 1120 2334 ex
1143 2294 1206 2336 mo-

189 2365 318 2423 nasterio
350 2361 520 2423 Corbeiensi
550 2362 705 2422 Coloniam
734 2365 886 2422 travectus
912 2362 1014 2439 ibique
1043 2366 1206 2440 postquam
1254 2361 1255 2398 3

189 2453 354 2530 descriptus
368 2455 413 2512 est
430 2453 528 2529 periit.
564 2452 607 2512 At
621 2453 813 2530 apographon
831 2455 895 2510 tam
914 2452 1073 2529 diligenter
1086 2452 1206 2512 videtur

189 2543 316 2614 factum,
343 2546 379 2601 ut
400 2542 499 2618 ipsum
521 2542 672 2619 exemplar
696 2541 743 2600 vix
767 2540 978 2600 desideremus:
1005 2560 1101 2616 neque
1125 2543 1205 2601 enim
1254 2553 1255 2592 1

189 2630 338 2705 librarius,
357 2632 491 2706 quisquis
510 2632 577 2705 fuit,
596 2632 649 2688 aut
663 2634 804 2706 corrupta
823 2629 992 2689 emendavit
1011 2634 1063 2689 aut
1082 2631 1204 2691 lacunas

190 2719 341 2794 supplevit
348 2710 382 2799 1),
405 2718 456 2777 sed
475 2721 548 2777 satis
566 2720 704 2796 religiose
722 2720 796 2779 locis
814 2718 912 2777 dubiis
930 2720 979 2778 vel
997 2719 1115 2778 litteras
1133 2722 1204 2779 reti·

190 2806 293 2880 nebat,
329 2806 407 2866 unde
439 2807 511 2865 licet
542 2809 679 2884 cognosci
711 2807 842 2866 codicem
875 2806 1080 2867 corbeiensem
1113 2808 1205 2869 fuisse

190 2896 300 2955 litteris
324 2895 490 2955 uncialibus
519 2914 593 2971 quas
616 2899 726 2955 vocant
753 2899 921 2969 exaratum,
949 2896 1102 2956 vocabulis
1125 2900 1205 2958 inter

190 3004 221 3044 se
235 3004 295 3044 non
309 2985 466 3045 distinctis.
506 2984 604 3044 Pauca
621 2985 743 3044 efferam
757 2986 863 3062 quibus
878 2987 1005 3045 formam
1020 2985 1204 3047 Corbeiensis

191 3073 300 3133 codicis
323 3075 395 3134 satis
419 3074 546 3133 describi
568 3076 655 3151 puto:

261 3168 288 3237 1,
309 3165 359 3238 17,
379 3164 397 3222 3
417 3163 566 3223 1111111111
578 3164 810 3238 subtermeare
828 3168 855 3223 ct
869 3165 1002 3223 cicorum
1013 3209 1037 3222 ..
1052 3162 1085 3222 L.
1104 3164 1204 3243 legen-

191 3251 262 3310 dum
285 3253 359 3311 scii:
383 3269 408 3310 1.
430 3252 484 3311 sab
508 3257 594 3311 terra.
616 3270 689 3311 aava
711 3258 737 3312 ct
758 3271 785 3311 c,

264 3458 289 3525 1)
309 3454 475 3509 Scriverium
493 3471 549 3509 non
567 3455 654 3511 fuisse
672 3456 830 3522 librarium,
850 3456 900 3510 sed
918 3457 1003 3526 paulo
1022 3458 1203 3514 vetustiorem

190 3543 300 3580 mecum
319 3527 535 3581 communicavit
553 3526 578 3581 S.
594 3527 625 3581 (1.
646 3526 680 3582 de
699 3528 788 3582 Vries.
