2509 3892
412 173 552 228 MVLOM.
572 174 597 227 11
617 179 678 241 rar,
699 180 748 228 raa
1023 175 1088 238 227

72 344 210 404 tussienti
232 363 286 420 per
308 343 454 417 triduum,
483 344 568 403 vulso
592 363 646 420 per
667 361 775 402 novem
797 344 860 402 dies
884 343 976 403 dabis.
1022 344 1119 403 aliia

72 434 244 508 petroselini
281 432 465 492 Macedonici
500 432 605 491 unul
634 451 666 505 s.,
699 432 787 490 dauci
820 450 885 491 unc.
910 433 933 506 Ι,
969 452 1088 492 murrae

72 540 135 581 unc.
162 521 191 595 Ι,
224 522 324 597 spicae
360 522 461 596 nardi,
498 524 587 595 costi,
622 522 774 580 tracanthi
812 521 946 599 singulas
984 525 1088 583 uncias

72 614 151 686 prius
174 613 208 668 in
230 612 330 669 mulsa
346 611 450 687 tepida
469 612 598 684 infusas3
621 612 703 670 acori
725 629 792 671 unc.
811 612 835 685 Ι,
853 613 965 688 piperis
983 612 1087 686 unul,

51 701 148 760 scroci
175 718 243 758 une.
267 700 292 774 I,
314 703 419 778 guttae
450 700 674 759 hammoniacae
706 718 771 758 unc.
794 700 834 775 H,
863 700 961 759 casiae
987 701 1088 760 unul

72 790 184 865 pariter
200 789 347 865 deterunt,
365 788 502 864 pastillos
522 807 557 848 ex
572 789 671 849 mulsa
688 790 812 864 faciunt,
830 791 935 865 postea
949 808 983 848 ex
997 808 1086 865 passo

72 878 202 938 deiciunt
230 878 385 936 taedianti.
431 877 480 936 Ad
507 881 615 938 tussim
642 882 773 937 veterem
801 881 831 936 et
858 878 897 936 ad
924 880 1120 955 suspirium3

71 969 115 1025 vel
138 967 306 1026 anhelitum
333 967 568 1042 et'synanchen:
598 968 623 1027 si
650 987 719 1026 mox
747 966 862 1027 dederis
890 969 1015 1027 storacis
1036 988 1087 1026 ru-

72 1057 142 1116 beae
161 1075 227 1115 unc.
247 1055 302 1130 m,
324 1075 442 1115 murrae
465 1057 597 1134 troglitis
616 1075 681 1115 uno.
700 1056 739 1131 IL
759 1058 939 1131 opopanacis
962 1076 1027 1116 uno.
1047 1057 1086 1130 11,

40 1148 121 1206 uiris
143 1145 286 1221 Illyricae
308 1165 373 1203 unc.
392 1144 437 1219 Π,
460 1145 582 1222 galbani
604 1165 670 1203 unc.
688 1145 727 1217 ΙΙ,
749 1147 866 1204 resinae
888 1145 1086 1205 terebintinae

72 1255 134 1294 unc.
153 1233 215 1309 111,
242 1234 351 1293 herbae
381 1234 611 1310 symphoniaoae
634 1253 699 1292 unc.
718 1233 746 1307 I3
772 1235 885 1309 pariter
915 1236 1086 1294 commisces

72 1328 99 1382 et
116 1324 242 1397 deteres,
265 1324 401 1398 pastillos
420 1325 512 1382 facies
535 1343 603 1382 oum
620 1324 716 1382 melle.
758 1322 915 1382 Praeterea
939 1326 1121 1403 axungia04

70 1414 117 1472 lib.
136 1413 152 1473 I
172 1432 205 1486 s.,
228 1415 341 1471 caricas
364 1412 428 1486 XV,
450 1414 571 1488 pineam
601 1412 786 1471 combustam
815 1416 846 1471 et
872 1415 904 1471 in
932 1413 1085 1489 pulverem

70 1503 233 1575 redactam,
262 1503 437 1577 liquaminis
465 1503 572 1577 optimi
598 1502 763 1576 heminam,
791 1502 889 1561 mellis
912 1502 993 1562 selib.
1018 1521 1085 1562 oum

38 1591 203 1651 iscolioulis
237 1591 379 1649 excoctis:
413 1591 487 1650 offas
517 1591 634 1649 faciunt
663 1594 693 1649 et
722 1609 789 1648 cum
816 1609 904 1666 passo
934 1592 1083 1669 digerunt.

70 1681 226 1755 Aliquanti
244 1679 370 1738 hederae
388 1680 472 1752 folia,
495 1680 568 1738 item
590 1681 697 1755 populi
715 1679 776 1737 albi
796 1681 869 1739 folia
892 1699 986 1757 aequo
1010 1683 1118 1757 pon-5

6 1781 7 1784 ’
71 1769 134 1828 dere
166 1769 306 1828 deterunt
334 1771 365 1848 et
396 1788 463 1827 cum
492 1768 563 1826 vino
598 1768 667 1827 albo
702 1787 755 1844 per
790 1788 876 1829 nares
909 1770 1083 1829 defundunt.

71 1857 226 1934 aliquanti
244 1861 330 1916 rutae
349 1858 424 1917 folia
442 1857 582 1916 molliora
600 1857 740 1916 deterunt
758 1862 870 1917 etcum
883 1860 953 1918 vino
969 1861 1083 1935 optimo

6 1987 7 1996 r
71 1966 120 2021 per
137 1966 224 2007 nares
244 1945 418 2005 defundunt.
456 1946 539 2005 Alia:
563 1949 727 2006 cucumeris
748 1947 880 2007 silvatici
897 1947 972 2007 folia
994 1949 1083 2008 faeno

37 2038 193 2095 romiseent
214 2035 404 2111 radicemque
423 2037 517 2111 ipsius
540 2036 728 2095 contundunt
750 2040 781 2095 et
803 2054 871 2095 cum
893 2036 949 2096 lini
972 2040 1083 2097 semine

71 2127 99 2181 et
128 2124 238 2184 hordeo
271 2127 463 2183 commixtam
494 2124 629 2183 offerunt.
681 2125 892 2200 Experimento
923 2125 1116 2201 probatumd

71 2217 113 2272 est
133 2216 240 2273 tussim
258 2214 479 2289 suspiriumque
502 2217 612 2287 sanari,
635 2215 661 2273 si
684 2214 779 2273 sulfur
796 2216 899 2272 vivum
918 2218 949 2273 et
969 2234 1082 2274 rosma-

139 2472 229 2526 rPel.
246 2489 269 2526 c.
285 2477 326 2525 94.
385 2471 573 2526 traieci.
622 2479 654 2526 12
673 2471 730 2528 Pel.
746 2490 768 2527 c.
785 2478 827 2527 98.
884 2479 916 2527 16
935 2473 992 2527 Pel.
1008 2490 1030 2527 c.
1046 2478 1080 2527 99

70 2539 211 2614 (Emeriti).
288 2548 320 2598 18
340 2543 397 2597 Pel.
413 2560 435 2597 c.
453 2549 511 2600 101.
587 2550 618 2597 21
638 2544 693 2598 Pel,
710 2562 732 2598 c.
749 2550 800 2599 102
820 2545 961 2615 (apopiras
975 2544 1052 2615 Pel).

138 2783 151 2829 1
170 2776 302 2831 tussienti
313 2775 435 2829 -vulso
454 2791 503 2830 om.
520 2776 546 2830 L
574 2778 583 2844 ΙΙ
610 2782 626 2829 4
646 2774 763 2831 diffusae
782 2778 821 2831 ed.
832 2794 877 2847 pr.
898 2776 1032 2833 diffundis
1050 2781 1080 2835 A

70 2844 150 2901 infuai
164 2850 192 2903 P
209 2848 342 2902 infundes
356 2849 383 2902 L
396 2850 406 2917 ΙΙ
424 2853 440 2901 b
458 2848 532 2903 croci
551 2865 601 2903 om.
616 2849 643 2901 L
663 2848 975 2920 narraremus
995 2850 1080 2904 simul

69 2917 124 2972 tere
141 2922 170 2975 P
191 2923 195 2989 Ι
220 2922 286 2989 post
304 2936 367 2974 cum
385 2937 411 2988 p.
432 2920 471 2974 ed.
483 2937 527 2990 pr.
556 2922 566 2989 ΙΙ
594 2920 732 2974 ldeioiee
751 2920 849 2989 tepido
867 2922 896 2975 P
918 2924 927 2991 u
949 2926 965 2975 8
984 2922 1009 2976 si
1027 2939 1077 2978 om.

72 2988 145 3044 (iera.
163 2990 281 3060 prodest
299 2990 323 3043 ei
341 2992 399 3045 Pel.
414 2994 424 3059 ΙΙ
439 2998 471 3044 11
491 2992 624 3060 eponiace
643 2994 671 3047 A
687 2993 691 3061 Ι
711 2992 860 3046 commisce
879 2994 908 3046 et
924 2995 983 3045 tere
1003 2996 1032 3047 et
1050 3013 1077 3063 p.

71 3059 114 3129 Pp
128 3067 159 3115 13
176 3061 226 3116 lib.
241 3062 254 3116 Ι
273 3062 301 3115 P
313 3063 369 3116 Pel.
388 3065 391 3130 Ι
414 3062 465 3115 XII
483 3064 512 3117 P
528 3062 635 3116 caricas
653 3062 772 3133 pingues
790 3062 850 3131 XV,
867 3079 983 3118 raneam
1002 3081 1079 3118 oum-

69 3129 172 3186 bnstam
189 3134 215 3186 A
233 3149 347 3187 raveam
363 3150 457 3204 neurpo
473 3135 512 3188 ed,
523 3151 568 3202 pr.
583 3134 697 3203 pineam
712 3134 773 3200 (del.
789 3139 830 3203 m)
847 3152 940 3205 murco
955 3135 990 3189 al.
1005 3135 1078 3191 bene

70 3200 158 3269 Lllu
176 3203 1077 3275 liqu.obem.oan15caul.ed.pr.APlfaoiee...dabis

70 3272 163 3348 Pfl§§
177 3281 248 3330 5-9
261 3293 311 3330 om.
327 3278 375 3345 Pl
391 3282 423 3330 16
442 3275 501 3330 albi
514 3278 555 3331 sic
568 3276 644 3331 codd.
660 3280 669 3345 ll
685 3281 716 3330 17
736 3294 759 3329 v.
775 3276 895 3331 candido
910 3278 936 3330 L
950 3280 959 3345 ΙΙ
975 3282 1007 3331 18
1027 3277 1078 3331 alii

69 3342 106 3395 ed.
117 3362 157 3413 pr.
192 3351 196 3417 l
230 3346 360 3401 molliora
377 3346 404 3399 L
423 3348 571 3401 conterunt
592 3346 692 3402 mollia
710 3349 737 3402 A
756 3365 819 3402 cum
841 3348 924 3402 melle
945 3349 1078 3403 deterunt

69 3414 106 3467 ed.
117 3434 157 3484 pr.
172 3420 181 3486 ΙΙ
196 3423 229 3472 19
248 3418 307 3472 alia
324 3436 375 3473 om.
390 3420 417 3473 A
445 3422 454 3487 ΙΙ
479 3424 511 3472 21
532 3419 682 3474 commixto
701 3418 728 3471 L
746 3419 898 3473 commixta
916 3419 956 3472 ed.
968 3437 1012 3487 pr.
1032 3435 1077 3473 -as

70 3486 96 3565 A
116 3490 120 3552 Ι
141 3492 248 3613 οἳθη).
264 3489 291 3543 L
313 3493 323 3557 11
346 3495 379 3543 22
399 3505 499 3543 sanare
518 3491 558 3544 ed.
570 3507 614 3559 pr.
630 3492 657 3544 A
683 3493 686 3559 Ι
712 3490 748 3561 si]
768 3489 825 3543 alia
843 3490 883 3544 ed.
895 3507 939 3557 pr.
955 3505 1005 3542 om.
1021 3492 1049 3544 A
1070 3489 1074 3562 Ι

67 3572 138 3611 uum
983 3605 985 3612 ,

862 3648 914 3700 11)*
