2509 3892
178 155 245 220 244
622 153 759 209 VEGETI

177 324 252 383 bene
274 325 382 382 tritum
405 341 473 382 oum
495 323 561 382 oleo
583 324 762 400 permiscere
785 325 817 382 et
838 321 988 400 liquidum
1009 340 1043 382 ac
1064 320 1182 398 tepidum
1232 373 1246 390 ‚,

178 412 339 473 defundere
352 432 407 489 per
415 414 525 488 fauces,
539 415 686 489 tanquam
698 411 857 490 physicum
865 414 897 473 et
909 413 1042 473 salutare
1051 410 1184 471 laudatur.
1245 419 1246 434 ¹

574 712 720 785 LIBER
738 710 804 790 HI.

558 872 826 935 PROLOGVs
1247 893 1248 958 l

247 1001 395 1062 Solemnis
414 1002 565 1060 excusatio
583 1000 802 1078 negligentium
819 1002 866 1060 est
883 998 1041 1075 dispendia
1062 1018 1098 1057 ex
1114 997 1188 1058 dissi·
1210 1013 1220 1053 s

181 1093 345 1152 mulatione
363 1091 515 1150 venientia
534 1089 589 1149 deo
606 1090 758 1165 imputare
776 1089 826 1149 vel
844 1088 974 1149 casibus:
997 1090 1097 1149 minus
1118 1105 1189 1146 nam·

181 1200 238 1256 que
264 1198 387 1257 peccare
415 1198 446 1239 se
473 1178 569 1239 credit
594 1179 732 1257 ignavia,
762 1180 789 1237 si
815 1177 861 1252 id,
884 1177 964 1255 quod
991 1177 1087 1254 ipsius
1114 1176 1190 1253 culpa

147 1269 304 1344 iacoidit,
332 1267 371 1327 ad
396 1271 573 1344 potestatem
602 1269 731 1345 incipiat
757 1267 871 1327 deferre
901 1268 1049 1326 fortunae.
1095 1263 1190 1325 Sioda
1248 1253 1249 1312 l

181 1356 406 1436 aegrotantibus
438 1356 550 1416 dicitur
580 1357 741 1417 morituros
776 1357 891 1417 frustra
923 1357 1036 1431 curari,
1072 1357 1192 1416 mauros

182 1450 275 1507 etiam
297 1449 323 1506 si
340 1446 490 1506 medicina
513 1448 607 1506 cesset
629 1463 779 1506 evasuros.
826 1444 882 1505 Oui
899 1445 1110 1521 disputationi,
1132 1445 1223 1521 quinio

182 1557 242 1596 non
264 1536 361 1596 solum
384 1537 465 1594 iners
488 1534 540 1594 sed
563 1536 657 1593 etiam
676 1535 771 1611 impia
793 1538 846 1611 est,
869 1554 930 1595 non
953 1535 1084 1594 libenter
1107 1552 1194 1593 assen-

147 1628 279 1687 3serim.
324 1625 405 1684 Malo
435 1626 516 1683 enim
544 1625 621 1683 nihil
651 1624 839 1701 inexpertum
870 1625 1016 1699 relinqui,
1048 1643 1150 1699 quam,
1174 1622 1195 1681 si

183 1714 256 1790 quid
282 1714 464 1773 calamitatis
491 1715 637 1781 evenerit,
668 1714 814 1772 avaritiae
841 1713 891 1773 vel
915 1712 1195 1774 dissimulationibus
1249 1711 1250 1722 ¹

181 1804 335 1880 imputari.
381 1802 440 1862 Sed
461 1803 589 1863 fortasse
619 1802 783 1878 aliquando
810 1821 882 1861 vera
908 1802 963 1861 illa
989 1802 1150 1862 videantur
1169 1803 1196 1859 in

181 1893 314 1967 homine,
345 1894 399 1968 qui
428 1891 532 1952 divina
560 1891 752 1968 providentia
782 1910 816 1951 ac
846 1891 1043 1967 dispositione
1073 1893 1195 1952 fatorum
1205 1907 1225 1947 o

148 1981 314 2043 deraditur
335 1981 408 2058 regi.
453 1981 608 2040 Animalia
631 2000 711 2056 vero,
738 1998 806 2040 cum
828 1980 936 2057 quibus
959 1980 1107 2042 divinitas
1128 1978 1196 2039 nibil

183 2072 326 2150 dignatur
337 2070 448 2130 habere
462 2090 625 2144 commune,
644 2072 706 2131 nisi
718 2069 872 2129 hominum
887 2069 987 2130 studio
1001 2070 1196 2147 impensisque
1250 2067 1251 2118 ἶ

149 2165 167 2222 5
183 2163 333 2236 curentur,
347 2160 459 2236 absque
473 2159 672 2236 ambiguitate
691 2159 862 2236 depereunt.
899 2157 978 2229 Quid
997 2161 1078 2219 enim
1091 2159 1197 2219 iumen·

182 2252 222 2311 tis
242 2252 307 2327 spei
320 2252 464 2325 superest,
483 2267 559 2324 quas
581 2248 725 2308 divinitas
743 2249 844 2309 fovere
862 2250 986 2324 respuit,
1005 2249 1032 2309 si
1050 2249 1199 2308 hominum

183 2339 299 2398 medela
318 2335 498 2399 cessaverit?
541 2336 636 2414 Saepe
656 2336 774 2413 accidit,
796 2340 840 2413 ut,
858 2337 1002 2415 neglectis
1022 2337 1226 2397 animalibuso

256 2534 270 2580 1
291 2529 398 2580 cretum
415 2527 456 2579 cd.
468 2541 512 2593 pr.
533 2526 640 2578 certam
657 2525 685 2578 A
705 2523 859 2578 cribratum
877 2525 906 2579 P
933 2526 937 2592 Ι
969 2523 1089 2580 miscere
1108 2526 1148 2581 ed.
1158 2541 1198 2594 pr.

183 2600 213 2655 P
227 2598 380 2668 permisces
399 2598 425 2651 A
439 2598 448 2665 ΙΙ
463 2602 479 2649 2
497 2598 636 2665 tanquam
654 2612 705 2651 om.
719 2596 759 2650 cd.
772 2613 816 2665 pr.
830 2595 858 2650 A
874 2597 878 2665 Ι
895 2594 1000 2650 dicitur
1019 2597 1048 2651 P

254 2667 350 2722 Publii
367 2666 481 2738 Vegetii
500 2666 604 2721 ltenati
617 2666 672 2720 viri
690 2666 865 2739 digestomm
879 2666 949 2721 artie
967 2666 1199 2722 mulomedicinae

183 2739 256 2793 liber
274 2738 413 2794 secundus
429 2736 553 2809 explicit,
571 2737 674 2809 incipit
689 2737 790 2794 tertius
804 2739 838 2793 P.
867 2737 985 2808 explicit
1001 2738 1077 2792 liber
1095 2737 1198 2794 tertius.

183 2810 325 2880 incipiunt
343 2809 471 2879 capitula
488 2808 583 2878 quarti
601 2809 669 2863 libri
687 2810 751 2866 AF
765 2810 847 2865 nullo
863 2810 1026 2880 subscnbts'o
1045 2809 1078 2864 in
1096 2811 1124 2865 L

255 2888 273 2936 4
291 2880 469 2951 prohemium
487 2883 515 2937 P
526 2883 536 2950 ΙΙ
549 2882 693 2953 protector
710 2898 761 2937 orn.
775 2881 804 2936 A
817 2881 858 2936 cd.
870 2898 915 2951 pr.
930 2881 1021 2937 Samb.
1041 2881 1133 2936 edidit
1144 2880 1200 2950 pri·

184 2970 244 3008 mus
262 2952 413 3008 Fabricios
431 2953 494 3007 bibl.
509 2953 574 3007 Lat.
593 2959 612 3008 t.
629 2954 686 3008 111
696 2970 725 3022 p.
741 2956 796 3007 135
813 2969 847 3009 so.
880 2953 890 3022 ll
921 2958 937 3006 5
956 2951 1131 3024 negligenda
1150 2954 1176 3007 P
1191 2949 1200 3031 ll

185 3028 201 3079 8
221 3024 333 3079 accedit
346 3023 375 3077 P
388 3025 392 3094 Ι
407 3023 545 3079 refervere
559 3025 587 3079 P
598 3026 608 3093 ΙΙ
623 3031 639 3078 9
658 3042 694 3079 m.
709 3023 814 3079 frustm
828 3023 930 3092 curari,
942 3023 1077 3093 victuros,
1091 3024 1198 3107 etiamn

184 3130 327 3185 medicina
345 3133 444 3198 cesset,
462 3146 594 3186 evasuros
607 3131 647 3185 M
658 3130 735 3202 (vict.
750 3161 785 3173 -—
799 3146 873 3186 evas.
887 3147 939 3186 om.
953 3132 991 3193 Pl
1009 3113 1159 3186 morituris
1175 3130 1201 3182 et

186 3203 210 3257 si
223 3219 261 3256 m.
276 3202 446 3257 c.evadetL
459 3204 469 3272 ΙΙ
484 3208 517 3257 10
532 3202 600 3271 quia
613 3204 724 3272 oncPss
739 3208 772 3257 11
787 3219 851 3257 cum
863 3201 954 3273 impia
968 3201 1006 3256 sit
1019 3204 1066 3272 Pl
1083 3200 1200 3258 mentio

186 3276 214 3330 P
240 3276 250 3343 ΙΙ
281 3280 314 3328 la
334 3275 482 3343 expertum
499 3274 571 3345 outo.
606 3277 610 3343 Ι
645 3276 675 3329 et
692 3273 718 3328 si
736 3274 889 3343 quicquam
907 3290 931 3328 c.
946 3274 1031 3329 ev.P
1049 3277 1070 3357 'll
1103 3271 1200 3329 ltilla

186 3395 559 3453 concessanuntii.
579 3413 647 3454 vera
667 3397 791 3452 ereditur
809 3400 838 3454 P
862 3400 872 3468 l
900 3402 933 3452 1o
952 3362 1094 3465 suerii„
1111 3411 1200 3453 maro

186 3467 311 3591 qqtqqm
324 3468 422 3594 Lqio
440 3467 552 3522 videtur
564 3468 626 3540 regi
640 3470 668 3524 P
679 3470 689 3539 ΙΙ
704 3476 737 3524 18
751 3469 871 3525 iumenti
890 3485 1002 3540 semper
1019 3469 1082 3541 spei
1095 3471 1138 3523 est
1190 3465 1200 3537 ll

271 3555 336 3593 vore
