2509 3892
420 168 562 224 uvion.
581 169 608 222 u
626 174 732 223 se-ro
874 133 876 148 '
1023 172 1087 237 133

76 339 151 400 labia
165 340 330 400 diutissime
346 340 556 415 perir-icantur,
574 337 669 397 donec
686 339 808 415 sanguis
827 341 952 398 emanet
985 340 1088 400 Tertia

77 428 120 487 die
141 431 303 490 causticam
332 426 457 487 crudum
485 429 518 485 in
540 427 595 486 illa
623 428 710 502 parte
736 426 811 485 labii
832 429 981 504 imponeS,
1010 448 1088 504 quae

79 520 164 577 sensit
183 519 337 590 iniuriam,
361 536 429 575 cum
447 517 574 590 cautela,
596 518 632 573 ut
652 516 737 590 prius
755 516 861 593 alliges
884 518 1028 595 linguam,
1050 538 1088 578 ne

80 606 280 666 medicamenti
311 606 457 664 violentia
487 607 601 663 noceat.
653 601 728 661 Gum
759 605 976 665 medicamento
1008 608 1089 667 labia

60 694 176 755 sdeusta
196 696 317 768 videris,
341 714 420 769 aqua
442 693 572 767 lavabis,
595 692 702 751 deinde
725 696 809 752 aceto
832 696 863 752 et
886 696 951 754 oleo
973 696 1088 755 fovebis

82 784 150 842 sicut
185 785 246 844 alia
286 784 426 857 vulnera3
466 783 524 841 hac
564 783 682 841 ratione
723 782 885 842 sanabitur.
945 783 979 841 Si
1019 786 1122 844 varod

82 874 223 932 marinam
255 873 418 932 sideratam
449 870 589 930 habuerit
620 873 651 929 et
682 873 807 946 tortam,
839 872 875 930 de
906 872 1089 947 temporibus

83 964 166 1034 partis
183 964 277 1038 ipsius
297 962 473 1039 sanguinem
492 960 639 1034 detrahes,
660 959 764 1018 fimum
784 959 927 1019 bubalum
945 963 1089 1020 acerrimo

83 1053 157 1109 aceto
183 1050 320 1109 miscebis
351 1051 382 1108 et
408 1048 576 1108 diutissime
608 1049 752 1124 decoquas
782 1053 813 1108 et
839 1051 934 1125 parti,
963 1069 999 1108 ex
1030 1068 1089 1126 qua

50 1155 70 1193 10
81 1141 244 1216 sanguinem
262 1139 436 1212 debueris,
459 1137 590 1197 calidum
607 1137 731 1196 induces
749 1140 876 1213 saepius,
899 1141 934 1197 ut
952 1140 982 1197 et
1000 1140 1091 1197 siccet

81 1228 108 1284 et
131 1230 223 1303 curet,
249 1229 307 1287 hac
333 1245 440 1286 usurus
469 1228 604 1302 potione:
631 1227 825 1306 trisagium,
851 1228 1014 1303 hyssopum
1038 1228 1089 1286 sil·
1141 1255 1144 1260 ·

82 1318 212 1392 iaticum,
231 1318 398 1394 origanum,
417 1316 590 1391 serpyllum,
608 1311 841 1389 aristolochiam,
855 1334 997 1375 mennam
1011 1318 1090 1376 croci

19 1445 20 1488 p
80 1422 129 1478 pro
151 1407 252 1481 aequis
275 1404 455 1481 ponderibus
479 1404 655 1464 contundito
684 1406 773 1480 atque
797 1404 941 1479 cribrato,
971 1424 1006 1463 ex
1029 1424 1088 1481 quo

19 1507 20 1512 ’
81 1493 192 1567 pulvere
221 1496 345 1569 plenum
375 1495 506 1553 coclesre
533 1512 601 1551 cum
628 1512 708 1568 aqua
737 1494 847 1567 mulsa,
878 1495 942 1552 oleo
966 1496 996 1553 et
1018 1496 1088 1552 vino

19 1633 21 1712 y
48 1597 254 1730 stpefbnbmm
284 1583 438 1644 sinistmn
468 1581 506 1640 ad
535 1600 626 1641 unam
654 1582 805 1640 heminam
834 1582 943 1642 cotidie
972 1585 1091 1658 oportet

19 1729 20 1772 1
79 1689 108 1727 m
190 1717 195 1729 .

302 1790 375 1854 XL.
399 1789 451 1853 De
473 1790 681 1853 observatione
702 1789 862 1869 flebotomi.

19 1915 20 1918 ’
138 1919 284 1981 Convenit
297 1919 333 1978 de
348 1919 469 1978 cervicis
484 1919 638 1977 curatione
652 1918 768 1977 dictum
783 1918 1019 1978 observationem
1049 1929 1193 1971 messem.

78 2008 201 2069 indicare
224 2009 385 2082 flebotomi,
409 2008 481 2083 quia
503 2008 582 2066 circa
606 2025 642 2066 ea
663 2008 730 2066 loca
747 2009 919 2082 frequenter
941 2011 1089 2083 operatur

51 2095 267 2158 aDetractmus
291 2098 466 2175 sanguinem
494 2096 607 2154 animal
630 2114 649 2154 a
672 2096 737 2155 cibo
765 2095 927 2155 abstinebis
955 2099 985 2155 et
1007 2100 1090 2172 potu,

79 2188 190 2261 aequali
213 2189 279 2246 loco
303 2187 473 2245 constitues.
517 2184 601 2243 Tunc
623 2186 720 2243 lorum
748 2203 838 2261 supra
861 2186 988 2243 cervices
1012 2186 1090 2244 alius

77 2276 174 2334 teneat
206 2278 297 2352 atque
329 2275 516 2352 constringat
547 2273 586 2332 ad
616 2293 766 2348 normam,
797 2276 832 2331 ut
863 2291 940 2331 vena
971 2273 1089 2333 facilius

78 2495 104 2547 V
143 2425 289 2562 θΙΩὲΙέἰῐὲο.
305 2430 364 2479 560.
465 2430 497 2479 11
518 2424 591 2479 chir.
607 2443 630 2479 c.
647 2431 706 2479 561.
803 2429 835 2477 18
855 2422 928 2478 chit.
945 2441 967 2477 c.
983 2429 1035 2477 664
1054 2425 1089 2478 cf.

101 2513 140 2566 eg

143 2621 300 2690 iimponis
318 2621 358 2674 ed.
369 2637 414 2689 pr.
429 2622 491 2674 ΑΡ
516 2623 525 2690 ΙΙ
557 2626 573 2673 3
593 2620 681 2674 sentrt
697 2621 737 2675 cd.
748 2638 793 2690 pr
808 2621 836 2674 A
873 2623 877 2686 Ι
913 2619 964 2673 ubi
981 2636 1023 2689 pr.
1038 2620 1066 2674 P
1081 2619 1091 2692 tl

80 2692 209 2747 bdeusta
227 2692 286 2746 LP
302 2694 418 2776 perusta
436 2692 509 2762 culp
535 2693 539 2760 Ι
564 2691 668 2745 viderie
686 2692 726 2746 cd
737 2709 782 2760 pr.
803 2691 962 2761 pervidebis
981 2690 1009 2745 L
1027 2707 1091 2761 per·

79 2762 173 2817 videris
193 2765 221 2817 A
240 2763 405 2833 pertingetis
424 2764 453 2817 P
476 2764 486 2831 ΙΙ
515 2766 581 2817 bet
598 2763 673 2817 sicut
690 2764 719 2817 P
746 2766 750 2832 l
784 2766 813 2817 et
830 2763 925 2817 hacr.
945 2763 1091 2817 curabitur

80 2834 112 2887 ed.
123 2851 166 2903 pr
181 2836 261 2903 Aut
281 2836 311 2888 et
328 2836 432 2889 tortam
451 2851 501 2888 cm
518 2835 596 2903 AP!
612 2833 683 2888 haec
702 2836 827 2887 estcnrs
845 2835 908 2888 add.
924 2835 963 2889 cd.
975 2853 1020 2905 pr
1035 2837 1063 2889 A
1082 2835 1092 2905 tl

80 2907 92 2955 8
107 2904 243 2960 bubulum
261 2907 301 2960 cd.
313 2922 358 2975 pr.
374 2907 402 2960 P
417 2904 585 2959 bubulinum
604 2907 632 2959 A
656 2908 665 2973 l
689 2910 704 2958 9
724 2904 905 2974 permiscebis
925 2905 964 2961 ed.
975 2923 1020 2975 pr.
1036 2908 1064 2960 A
1085 2906 1088 2976 1

81 2976 193 3046 stparti
212 2992 320 3046 exque
339 2978 400 3031 AP
417 2977 475 3031 dec.
493 2976 599 3046 partim
618 2992 652 3030 ex
670 2991 745 3045 aqua
763 2993 784 3028 s.
805 2977 875 3029 detr.
895 2976 922 3028 L
940 2993 967 3045 p.
983 2979 1090 3045 tempo-

81 3062 133 3101 rum
149 3049 189 3102 ed.
202 3065 247 3116 pr
261 3049 319 3116 ss10
339 3048 490 3102 extraxeris
509 3050 549 3103 ed.
561 3065 605 3117 pr.
620 3050 649 3102 A
667 3047 799 3102 detrahes
819 3049 864 3116 ΡΙ
885 3049 919 3100 nt
937 3048 1092 3101 exsiccetur

81 3119 245 3173 etcuretcd
255 3136 300 3189 pr.
316 3118 372 3172 nisi
386 3119 551 3174 siccateto.
567 3121 616 3187 ΡΙΙ
631 3125 662 3172 11
683 3118 781 3171 hac-
794 3124 826 3171 16
841 3118 1017 3173 infundiom.
1033 3119 1091 3242 ΡΑ

81 3203 137 3244 usus
154 3192 196 3245 ed.
206 3207 251 3260 pr.
269 3190 400 3259 {traua
423 3206 467 3244 em
485 3191 545 3244 LA
559 3193 568 3260 l
587 3196 619 3243 12
640 3189 818 3272 origenium
815 3191 842 3244 L
859 3193 863 3258 Ι
878 3206 994 3242 manum
1012 3206 1041 3242 cr

38 3273 171 3330 ‚noea
187 3263 380 3344 Anrspsm
342 3207 550 3330 scillanum
570 3260 857 3328 cnmaquactvino
878 3263 905 3313 A

143 3337 176 3385 18
195 3348 335 3386 cermcum
354 3332 596 3401 cPAtdictare
615 3332 698 3385 etde
717 3332 853 3396 0Pl21
872 3330 934 3384 loco
953 3329 1088 3384 soliLl

84 3402 162 3483 solnm
181 3405 226 3473 ΡΙ
242 3402 321 3457 Τιυιο
339 3420 424 3471 usque
442 3404 479 3457 od
497 3404 579 3471 mem
596 3420 656 3471 cap.
672 3419 722 3458 om.
738 3404 784 3472 ΡΙ
800 3402 893 3456 locum
911 3402 982 3471 culp
1004 3403 1008 3469 1
1030 3416 1089 3453 cer-

19 3525 20 3528 ,
84 3486 161 3591 poem
178 3475 219 3529 cd
229 3491 275 3543 pr.
290 3476 389 3543 Anti
409 3473 489 3529 etad
508 3476 555 3529 atr.
570 3475 610 3528 cd
622 3491 667 3542 pr.
686 3475 715 3527 et
733 3476 780 3526 str.
796 3475 824 3527 A
840 3476 844 3543 Ι
860 3474 893 3526 ut
912 3487 976 3539 app
990 3485 1089 3523 norma

19 3581 20 3600 i
94 3557 126 3599 ac
140 3546 165 3599 A
