2509 3892
198 201 240 264 70
634 197 769 252 VEGETI

159 369 279 428 5tolles
308 387 378 426 vero
407 386 468 426 non
501 368 598 425 minus
631 367 767 427 sextario.
820 366 902 425 Haec
932 384 1003 425 cura
1033 368 1126 425 etiam
1154 366 1209 425 illa

192 457 335 516 animalia
363 456 494 530 sanabit,
532 475 607 531 quae
637 457 685 515 vel
714 456 835 532 stupida
864 457 912 514 vel
941 474 1043 514 maora
1073 458 1146 514 sunt
1173 474 1208 513 ex

192 547 343 605 coactione
365 546 448 623 longi
469 547 625 621 temporis,
650 546 756 620 quibus
779 547 894 603 nitrum
916 544 1075 622 diligenter
1098 544 1208 603 cribra·

192 638 258 694 tum
279 637 312 693 in
334 635 476 693 hordeum
504 633 591 692 debes
621 653 790 710 aspergere,
818 633 898 709 quod
923 652 1023 692 omnes
1047 635 1207 693 acerrimos

192 725 328 783 humores
361 727 391 782 et
422 724 580 798 spurcitias
614 725 745 799 corporis
778 726 896 800 purgat.
952 722 1011 781 Sed
1041 723 1207 797 strophosis
1231 741 1241 779 s

191 813 275 872 dabis
289 814 441 890 potionem
455 813 589 887 superius
605 810 787 870 declaratam
799 811 936 887 plurimis
952 811 1063 872 diebus.
1107 812 1209 870 Etiam

191 921 283 979 acopo
306 903 504 960 thermantico
527 919 612 959 renes
632 920 734 959 corum
755 902 911 976 totumque
931 919 1035 976 corpus
1059 918 1207 977 perunges

191 994 222 1050 et
239 991 341 1050 diebus
361 991 477 1065 aliquot
496 989 662 1065 apluribus
681 990 772 1048 facies
791 991 957 1050 confricari
998 989 1047 1048 Ad
1066 990 1208 1048 ultimum

190 1080 308 1139 renibus
328 1098 430 1138 eorum
448 1080 611 1138 causticum
624 1078 740 1138 inducis
760 1081 790 1137 et
808 1080 851 1138 sic
868 1096 988 1137 revocas
1008 1077 1046 1136 ad
1064 1078 1206 1138 laborem

277 1286 402 1351 XLIV.
424 1286 475 1350 Dc
497 1286 655 1351 lumbricis
677 1287 771 1351 cessis
794 1287 886 1350 tineis
908 1290 937 1349 et
951 1286 1117 1367 pediculis.
1218 1309 1238 1348 ιι

30 1428 56 1467 ιι
69 1430 95 1469 ro
110 1426 178 1469 sinn.
256 1415 478 1475 intolerabilem
507 1415 639 1475 dolorem
670 1417 820 1475 intestinis
850 1416 983 1474 inferunt
1011 1414 1155 1475 lumbrici
1182 1418 1210 1474 et

191 1522 304 1565 vermes
335 1508 365 1563 et
387 1506 529 1580 tineolae,
559 1525 632 1582 quas
663 1506 716 1564 elii
744 1505 895 1581 pediculos
912 1505 1087 1581 ‘appellant
1132 1505 1209 1564 Nam

192 1594 350 1671 coagulare
373 1597 404 1653 et
422 1595 625 1671 aqualiculum
643 1595 723 1653 intus
743 1594 869 1653 erodunt
888 1596 917 1652 et
934 1594 1058 1654 vulnera
1077 1594 1207 1652 faciunt:

191 1703 226 1742 er
241 1702 301 1759 qua
313 1686 489 1742 necessitate
507 1684 650 1742 animalia
669 1684 854 1742 macrescunt
873 1685 903 1742 et
917 1684 1104 1759 coriaginosa
1123 1683 1207 1756 fiunt

192 1775 222 1830 et
245 1774 307 1829 sine
325 1772 406 1831 febre
429 1790 489 1831 non
507 1775 577 1831 sunt
600 1776 630 1830 et
653 1773 787 1831 celeriter
807 1773 984 1830 moriuntur.
1025 1770 1207 1831 Huiusmodi
1219 1787 1238 1828 rs

191 1861 337 1936 passionis
360 1863 479 1938 signum
501 1864 558 1936 est,
589 1880 657 1920 cum
679 1862 829 1919 invenitur
855 1861 962 1918 humor
984 1860 1016 1918 in
1039 1877 1096 1918 ano
1121 1860 1207 1919 fabae

192 1953 292 2008 coctae
314 1950 434 2008 similis:
462 1954 508 2008 est
530 1953 631 2009 autem
653 1953 750 2009 sanies
774 1968 810 2007 ex
832 1950 893 2007 illis
916 1949 1101 2024 vulneribus,
1132 1968 1207 2025 quae

116 2051 119 2056 ’
159 2038 334 2098 2bestiolae
365 2041 542 2098 intrinsecus
577 2039 719 2097 fecerimt.
773 2038 878 2097 Ieiuna
909 2038 1052 2096 animalia
1084 2056 1122 2096 ex
1154 2039 1208 2097 hec
1248 2045 1249 2048 ’

191 2131 364 2187 necessitate
395 2129 596 2187 vehementius
627 2130 820 2203 torquentur,
851 2146 922 2185 nam
952 2145 1020 2185 cum
1048 2127 1094 2185 his
1128 2126 1209 2187 deest

191 2217 285 2293 cibus,
317 2218 413 2293 magis
443 2218 549 2276 vitalia
578 2219 792 2276 consumuntur
821 2235 839 2274 a
869 2214 1026 2275 vermibus.
1079 2214 1122 2273 Hi
1149 2232 1237 2276 nors

190 2310 261 2365 sunt
278 2306 374 2365 inflati
393 2310 541 2366 ettamen
560 2326 613 2382 per
632 2306 765 2365 dolorem
782 2323 813 2364 se
832 2305 969 2364 volutant
989 2307 1019 2363 et
1037 2305 1070 2362 in
1088 2306 1207 2380 spinam

261 2501 277 2548 3
297 2493 369 2548 Ghir.
386 2512 407 2548 c.
424 2500 483 2548 224.
593 2499 608 2546 6
629 2491 702 2546 chit.
718 2509 740 2547 c.
756 2498 816 2545 222.
926 2496 958 2543 11
979 2490 1053 2547 chir.
1069 2509 1091 2545 c.
1107 2496 1169 2545 224.

193 2571 225 2618 12
244 2565 316 2620 Chir.
332 2583 353 2619 c.
370 2572 429 2619 225.
504 2570 538 2618 20
558 2563 631 2618 Chlr.
647 2581 668 2617 c.
685 2569 745 2617 226.

194 2667 408 2677 -----ι

263 2724 365 2777 ltolle
384 2725 412 2778 A
429 2723 507 2778 tollis
526 2724 554 2777 P
581 2725 586 2792 Ι
610 2724 705 2777 hacc
721 2722 808 2777 etiam
826 2724 962 2776 sanantur
979 2724 1008 2777 P
1032 2724 1043 2792 ΙΙ
1066 2729 1081 2775 2
1101 2722 1158 2792 stip
1160 2722 1206 2776 ide

103 2823 106 2828 ,
191 2795 219 2848 A
232 2796 242 2864 Ι
256 2800 271 2847 3
286 2794 464 2848 cribellatum
478 2796 506 2848 A
521 2792 704 2848 crebellatum
717 2795 749 2849 F
762 2796 771 2863 ΙΙ
790 2794 851 2847 lin
865 2794 969 2848 hordeo
985 2794 1096 2863 AFPl
1091 2797 1206 2864 lesper·
1246 2793 1247 2864 Ι

191 2865 276 2917 rimos
290 2866 329 2918 ed
343 2883 386 2933 pr
407 2881 483 2919 acres
504 2865 576 2920 olo
591 2867 631 2934 ΙΙό
651 2866 773 2935 corporis
792 2882 843 2920 om
858 2866 904 2938 ΡΙ
925 2864 1205 2935 seds1strophisp.

192 2935 272 2988 dabis
291 2937 320 2990 P
334 2937 344 3005 ΙΙ
363 2941 377 2988 ’1
394 2952 481 3005 acopo
483 2935 620 2990 tinantico
635 2938 663 2990 A
677 2952 702 2990 a
717 2936 804 2990 etiam
817 2939 896 2990 term.
900 2866 940 2991 P
960 2938 969 3007 ΙΙ
993 2941 1008 2989 9
1023 2935 1185 2991 induces

191 3022 303 3061 revoces
322 3008 362 3061 ed
373 3024 418 3076 pr

265 3084 297 3130 11
317 3082 346 3132 et
364 3079 401 3150 v]
421 3081 517 3132 elom.
533 3078 622 3147 edpr
625 3081 662 3148 ,ΙΙ
683 3085 716 3132 12
734 3079 830 3133 tineae
848 3077 982 3132 minimae
1000 3079 1098 3133 PVt.
1117 3079 1206 3133 minu·

192 3151 239 3202 tae
255 3151 293 3203 M
305 3153 309 3219 Ι
326 3165 392 3203 nam
410 3148 564 3219 quagulare
583 3152 612 3204 ct
631 3149 826 3217 aqualiculum
838 3150 902 3204 AF
918 3151 957 3219 (et
971 3150 1008 3219 q)
1027 3166 1120 3217 namq
1142 3166 1206 3221 agu-

192 3219 252 3274 lare
270 3223 299 3274 et
318 3220 525 3288 aliquantulum
543 3222 571 3275 P
590 3223 600 3290 ΙΙ
624 3227 657 3274 13
677 3221 798 3276 ellidunt
816 3223 844 3276 P
863 3224 874 3291 Ι
897 3226 931 3274 14
949 3220 1132 3275 coriatiniosa
1151 3220 1210 3277 AF

194 3291 466 3373 coriagibbosaPss
485 3292 716 3363 ltotsw]etom
726 3293 1046 3362 AleruutAchmpr
1063 3292 1206 3374 lhuiusp

195 3362 227 3415 F
235 3365 245 3431 ΙΙ
260 3362 321 3415 16
312 3380 343 3415 ιιι
361 3378 447 3416 anum
464 3363 495 3417 F
513 3364 523 3431 ΙΙ
547 3369 579 3417 17
599 3366 643 3417 est
661 3378 753 3432 namq
768 3364 808 3418 ed.
819 3381 864 3433 pr
890 3365 894 3432 Ι
920 3364 1207 3418 comantems.ox1t

196 3435 400 3503 avPletq
399 3432 573 3488 uaeb.i.A
592 3434 774 3503 quiomlec.
793 3434 1204 3503 {lituexheopaesionet

195 3505 268 3573 ΡΙ
306 3509 338 3557 19
357 3453 401 3557 hiqs
424 3521 475 3559 om.
495 3505 557 3558 FP
593 3507 603 3573 Ι
643 3510 677 3558 20
695 3505 766 3560 haec
789 3504 925 3559 animalia
947 3523 973 3559 ιι
994 3523 1014 3558 s
1034 3505 1134 3559 inflate
1157 3505 1206 3574 ΡΙ

197 3580 229 3629 21
250 3576 409 3645 propterd
424 3578 469 3645 ΡΙ
487 3575 617 3644 spinaF
