2509 3892
163 167 254 222 XXIV
565 168 607 222 De
626 167 777 222 codicibus.

163 339 266 397 tamen
289 355 324 395 ex
343 335 536 412 dispositione
555 336 650 396 stulta
668 355 722 412 per
741 335 816 395 duos
835 336 950 396 codices
968 336 993 394 P
1012 340 1044 396 et
1061 337 1092 396 M
1115 356 1188 415 pro·

164 426 276 504 pagata
298 425 352 484 hos
375 424 455 502 ipsos
479 427 590 485 artiore
608 427 794 504 cognationis
815 425 935 485 vinculo
958 426 1038 485 inter
1060 444 1091 485 se
1115 446 1192 488 con·

164 515 282 574 iunctos
306 531 381 574 esse:
403 533 474 573 nam
496 516 605 574 tertius
627 517 748 574 nostrae
771 515 873 574 classis
899 514 999 589 codex,
1022 515 1059 590 V,
1083 518 1191 574 omnia.

165 603 255 664 simul
284 602 418 662 omnium
446 603 590 664 librorum
618 603 752 679 capitula
779 605 811 662 in
839 603 959 663 exordio
988 605 1091 680 posuit
1113 608 1192 664 ante

163 691 392 769 praefationem,
419 692 452 751 id
480 692 559 769 quod
587 692 678 752 etiam
704 691 735 751 in
757 691 783 750 L
805 693 919 751 factum
945 692 1075 753 uidimus
1099 702 1129 752 et
1150 694 1191 752 in

164 781 293 840 editione
316 782 458 859 principe.

230 869 409 929 Inscribitur
434 870 536 930 Putat
563 870 671 945 Vepctie'
702 872 761 929 atri
789 871 914 930 illustria
942 871 1191 932 matcmcdtctaac

158 960 316 1036 protopam
342 961 374 1018 in
397 958 455 1018 fine
477 958 621 1018 librorum
644 958 709 1017 Iet
726 959 758 1016 Π
779 959 813 1018 Ρ.
838 960 870 1019 V.
889 960 998 1019 Rcaatc'
1023 961 1084 1020 ara
1107 961 1192 1036 dipe-

162 1053 274 1109 atcrmn
292 1051 366 1108 aaa
383 1039 677 1129 matomedtcmalial)
695 1048 769 1107 tiber
780 1050 900 1123 primm
918 1053 967 1108 etc.
999 1048 1119 1108 Desinit
1137 1049 1192 1107 111

166 1140 217 1213 27,
237 1141 255 1198 9
280 1137 353 1197 tiber
374 1139 475 1197 tertiae
503 1137 619 1211 capttcc't
640 1138 674 1196 P.
699 1137 732 1197 V.
750 1137 788 1196 R.
805 1139 865 1197 ciri
887 1138 922 1197 dc
949 1137 1191 1197 mammedama.

165 1226 307 1303 Sequitur
333 1225 440 1285 deinde
467 1225 543 1285 liber
565 1225 609 1284 IV
631 1226 687 1285 hoc
709 1226 801 1286 titulo
823 1225 897 1284 PM:
924 1227 972 1286 De
993 1229 1074 1286 caris
1097 1228 1192 1286 tamn

164 1317 302 1390 epithima
331 1332 366 1375 ca
392 1315 515 1375 diversis
543 1315 723 1389 auctoritas,
745 1315 787 1373 V:
808 1316 910 1375 Palatii
937 1316 1046 1390 chcts's'
1074 1316 1192 1376 Remate'

163 1406 223 1464 ciri
245 1404 281 1465 dc
303 1405 382 1463 carta
401 1405 487 1463 boam
505 1405 649 1478 epithema
667 1421 702 1464 aa
723 1404 782 1464 dtu.
801 1409 876 1464 aact.
917 1403 1067 1464 Omissum
1089 1406 1192 1483 igitur

164 1495 209 1553 est
232 1492 264 1550 in
286 1492 348 1551 PM
370 1512 477 1554 nomen
500 1494 563 1552 eius
586 1492 698 1570 quide
721 1492 799 1552 curis
821 1492 912 1553 boum
934 1493 1066 1569 scripsit:
1094 1513 1190 1570 quem

163 1581 255 1642 fuisse
273 1581 434 1660 Vegetium
455 1584 475 1640 i.
494 1600 563 1641 eum
586 1582 637 1658 qui
660 1581 696 1640 de
713 1581 944 1641 mulomedicina
967 1584 1096 1658 scripsit,
1119 1586 1191 1660 ipse

163 1672 196 1729 in
218 1671 404 1747 praefatione
426 1669 500 1730 dicit
523 1674 553 1730 et
574 1670 746 1731 testimonio
770 1670 904 1731 codicum
927 1671 1055 1730 aliorum
1078 1672 1190 1731 confir-

165 1762 278 1819 matur:
301 1762 333 1819 et
355 1762 421 1819 tote
442 1759 521 1818 ratio
544 1758 720 1820 elocutionis
748 1762 779 1819 et
800 1762 832 1818 iu
859 1761 915 1819 hac
941 1760 1130 1836 praefatione
1155 1766 1191 1821 et

164 1848 196 1906 iu
219 1850 323 1908 ceteris
347 1851 392 1907 est
419 1848 535 1924 eadem,
563 1848 599 1907 cf.
619 1868 643 1907 e.
662 1869 689 1926 g.
709 1849 831 1924 praef.I
849 1846 869 1923 ἓ
890 1850 908 1908 6
932 1852 1033 1908 onmia
1060 1850 1191 1910 breviter

164 1938 349 1997 enucleata
371 1938 507 2019 caperem,
530 1936 561 1996 11
581 1938 671 2011 aaa
695 1955 730 1997 aa
756 1938 880 1998 divesis
907 1939 1075 1998 aactoribae
1097 1956 1188 1998 cna-

165 2028 297 2087 claatas
313 2072 319 2085 .
335 2071 342 2085 .
356 2043 456 2102 caras,
484 2030 515 2087 et
540 2025 634 2102 praef.
652 2025 697 2085 IV
715 2023 735 2102 ᾖ
755 2029 774 2085 2
803 2044 838 2087 ca
863 2027 987 2087 dicacis
1006 2029 1190 2088 amaram

164 2116 350 2176 enucleata
372 2116 480 2191 catlcpt.

232 2203 303 2263 Dixi
326 2203 440 2264 codices
463 2223 523 2263 non
541 2206 641 2264 totum
662 2204 771 2264 habere
789 2204 961 2283 Vegetium:
985 2204 1096 2264 omissa
1113 2209 1190 2266 sunt

166 2292 309 2370 pauciora
332 2314 368 2353 ex
385 2293 470 2353 libris
492 2294 508 2352 I
526 2297 557 2353 et
574 2294 614 2368 H,
637 2294 786 2370 permulta
809 2313 844 2353 en
867 2294 951 2353 libris
973 2293 1020 2352 HI
1038 2298 1070 2352 et
1086 2293 1131 2352 IV
1149 2299 1191 2354 ut

164 2385 215 2443 vix
238 2383 396 2443 dimidium
417 2383 588 2460 praebeant.
635 2382 667 2441 Si
689 2383 905 2458 perlustramus
929 2383 1052 2443 lacunas
1074 2376 1187 2465 istas²)

164 2474 220 2533 hoc
238 2474 429 2534 statuendum
448 2476 493 2533 est
515 2473 648 2533 omisisse
668 2490 735 2531 eum
756 2473 891 2548 quisquis
913 2472 987 2531 haec
1005 2471 1042 2530 de
1055 2471 1188 2550 Vegetio

167 2561 272 2639 elegit,
299 2581 335 2622 ea
358 2578 434 2639 quae
457 2563 556 2621 minus
583 2563 750 2621 necessaria
776 2560 954 2620 videbantur
980 2560 1123 2620 remedia:
1151 2563 1189 2621 id

166 2651 247 2726 quod
269 2651 301 2708 in
319 2651 377 2709 tali
395 2651 568 2710 collectione
587 2649 871 2710 medicamentorum
889 2648 977 2710 facile
995 2649 1097 2726 potuit
1117 2649 1189 2710 fieri

165 2741 196 2797 et
219 2740 353 2814 oportuit
375 2741 410 2797 ut
427 2738 578 2798 commode
600 2738 718 2814 possint
735 2739 854 2815 singula
876 2738 1013 2799 inveniri.
1060 2737 1188 2815 Semper

164 2827 228 2886 fere
250 2829 332 2887 totus
351 2828 564 2887 sententiarum
582 2844 675 2885 nexus
693 2830 830 2885 servatur
847 2829 892 2886 ita
909 2832 945 2888 ut
961 2827 1187 2907 perlegentibus

166 2915 300 2975 codicum
318 2915 440 2975 illorum
458 2918 620 2992 epitomem
634 2914 710 2973 nihil
728 2915 866 2975 videatur
885 2916 992 2976 deesse.
1020 2917 1185 2978 Nonnullis

164 3006 267 3064 tamen
294 3005 366 3064 locis
389 3006 497 3065 vitium
522 3005 733 3064 committitur:
761 3004 793 3063 H
812 3007 863 3081 22,
883 3006 901 3064 6
926 3008 968 3066 sic
991 3006 1084 3065 PMV
1106 3008 1185 3067 cica-

165 3095 250 3154 trices
268 3095 418 3154 ocatormn
435 3096 522 3154 haim
540 3094 619 3154 madi
635 3096 802 3168 compositio
820 3095 952 3154 discutit.-
968 3097 1066 3169 sptem
1082 3097 1185 3166 mardi,

165 3184 239 3243 satis
261 3185 408 3243 amacium
431 3229 438 3242 .
462 3228 487 3253 .,
510 3185 645 3243 catimtac
669 3230 675 3243 .
700 3228 725 3253 .,
747 3186 825 3243 croci
848 3228 854 3242 .
879 3227 904 3253 .,
926 3183 1000 3242 satis
1027 3186 1184 3255 amoniaci,

238 3336 264 3403 1)
284 3333 440 3389 Consensus
465 3335 525 3388 cod.
544 3334 611 3390 Iret
628 3335 651 3389 P
670 3335 774 3405 probat
796 3333 947 3404 Vegetinm
978 3334 1057 3403 operi
1085 3333 1184 3390 inscri-

167 3405 256 3475 psisse
275 3406 379 3476 clipeata
398 3407 467 3461 artis
484 3406 715 3461 raalomedicimac.

238 3479 266 3548 a)
284 3475 377 3531 Affero
397 3492 419 3530 e.
430 3494 457 3547 g.
470 3482 493 3542 1,
509 3482 551 3543 es,
567 3482 591 3531 a.
607 3481 776 3545 asan-s.
791 3480 888 3542 2,11a‚
903 3481 980 3530 2—7.
997 3480 1183 3542 a,1oo,a-e.

167 3552 334 3617 a,14,n-s.
350 3553 373 3615 a,
385 3553 426 3603 17.
442 3553 467 3615 a,
478 3552 573 3616 21-3,
584 3553 626 3601 aa.
