2509 3892
446 144 587 200 MVLOM.
605 145 619 197 I
638 151 671 199 38
1020 145 1063 210 63

75 317 209 391 praeterea
234 317 298 375 vini
327 317 437 375 veteris
467 316 575 391 optimi
604 316 676 374 sext.
695 314 750 389 HI,
780 315 876 376 mallis
905 316 1099 389 heminam?

73 404 168 480 piperis
200 407 264 464 triti
299 404 471 464 drachmam
503 403 612 462 adicies
647 404 856 481 suprascriptis
890 424 1065 480 rursumque

72 494 168 552 fervere
188 494 277 553 facias
303 496 417 567 omnia,
444 513 479 553 ex
507 512 565 568 qua
593 492 722 551 calidam
749 493 901 569 potionem
928 494 1064 571 plurimis

72 581 158 642 diebus
179 583 270 657 dabis,
293 602 370 658 quas
388 582 511 641 mirifice
529 584 632 640 iuvare
652 584 812 641 consuevit.
854 582 886 641 Si
909 582 945 641 de
962 583 1099 643 labore8
1127 593 1129 598 “

45 672 169 731 sitineris
186 673 307 732 suffusio
325 672 434 748 pedum
452 671 530 729 forte
548 672 727 747 provenerit,
746 689 817 730 cave
835 691 872 731 nc
891 673 1065 749 sanguinem

70 760 151 820 calido
183 761 334 835 dehahas,
366 761 418 820 sed
451 760 619 837 requietum
653 760 857 821 flebotomabis
895 759 1066 819 huiusmodi

69 848 192 909 beneficio
209 850 341 927 potionis
359 868 479 909 usurus:
501 850 579 907 turis
597 850 723 908 masculi
745 850 843 908 drach.
861 849 902 924 H,
925 849 1065 908 fohorum

70 938 183 1013 caprifici
203 939 264 1012 lib,
287 957 381 1016 grana
403 938 515 1015 piperis
539 938 631 1013 XXV,
654 940 793 998 fermenti
814 957 880 996 unc.
903 937 963 1012 ΙΠ,
986 939 1066 996 croci

69 1026 152 1086 drach.
176 1031 315 1104 quartam
336 1030 466 1103 partem:
490 1027 590 1085 omnia
618 1026 692 1086 bene
720 1029 795 1086 trita
821 1030 854 1086 in
875 1031 936 1086 tres
965 1029 1065 1102 partes

36 1135 60 1173 10
69 1115 165 1176 divides
193 1120 223 1176 et
250 1119 441 1193 exposcatum
468 1115 635 1174 iumentum
657 1117 757 1175 triduo
785 1135 852 1175 cnm
880 1118 945 1176 oleo
967 1117 1065 1192 potio-

68 1205 138 1265 nabis
159 1209 188 1265 et
209 1208 289 1266 vino.
327 1206 359 1265 Si
385 1205 480 1265 hiems
504 1206 608 1279 fuerit,
631 1206 733 1281 tepida
756 1224 788 1265 os
812 1205 927 1281 ablues,
951 1207 1099 1269 asstats9

68 1293 172 1371 frigida:
195 1298 221 1354 si
242 1295 358 1355 tardius
382 1289 545 1374 [autnon]
569 1296 668 1354 rectus
692 1295 838 1370 ambulat,
867 1296 1012 1354 furfurem
1035 1296 1066 1353 et

67 1385 178 1442 resinam
201 1385 347 1443 calentem
369 1384 490 1461 ungulis
512 1384 655 1459 imponis,
678 1403 738 1443 non
761 1384 850 1443 semel
872 1387 991 1443 tantum
1014 1382 1066 1443 sed

68 1471 242 1549 aliquotiens,
270 1474 362 1533 donec
384 1476 482 1532 rectus
505 1472 632 1532 incedat.
679 1472 711 1531 Si
733 1492 803 1532 vero
826 1475 887 1532 ista
908 1492 968 1532 non
997 1492 1065 1549 pro·

34 1560 174 1637 uiuerint,
204 1562 372 1622 semissabis
395 1581 475 1637 enm,
504 1565 540 1620 ut
569 1562 605 1621 ds
632 1562 752 1640 ungulis
781 1564 893 1639 sagitta
920 1564 1064 1621 contactis

68 1654 252 1726 competenter
274 1651 403 1727 profluat
425 1652 556 1729 sanguia,
580 1654 610 1710 et
632 1652 757 1710 vulnera
779 1654 957 1711 traumatico
981 1670 1065 1710 cura-

66 1735 111 1796 bis.
146 1740 261 1799 Famax
285 1743 385 1799 autem
407 1740 444 1799 ds
466 1741 552 1800 lassis
574 1742 648 1799 haec
671 1742 757 1818 signa
779 1743 971 1800 monstravit:
999 1743 1064 1800 toto
1081 1747 1122 1805 10

67 1843 172 1903 corpore
189 1829 364 1907 gravabitur
382 1832 413 1888 et
429 1831 595 1905 posteriora
614 1848 700 1888 crura
719 1831 806 1906 quasi
825 1830 953 1908 inligata
975 1830 1064 1889 habe-

66 1913 109 1973 bit.
145 1918 237 1978 Posca
259 1920 363 1993 itaque
391 1920 422 1977 et
447 1919 548 1994 puleio
575 1937 662 1978 nares
689 1921 753 1978 eius
782 1921 812 1978 et
838 1922 934 1978 totam
956 1920 1065 1977 faciem

37 2003 178 2082 afovebis,
206 2026 316 2083 panem
339 2010 369 2066 et
391 2027 505 2065 merum
528 2007 613 2067 dabis
642 2010 678 2066 ut
699 2008 871 2083 manducet,
901 2010 1064 2083 offeresque

67 2105 263 2118 *k—

125 2155 139 2203 1
158 2149 229 2204 Chir.
246 2166 269 2203 a.
286 2156 345 2205 158.
418 2156 433 2203 ‘1
454 2150 642 2205 chir.a.1aa.
716 2155 749 2205 1s
769 2150 842 2205 Chir.
858 2168 880 2206 c.
898 2157 957 2205 160.

125 2290 138 2336 1
157 2284 473 2353 111111ΡΙΠΙεΙΠΙ
488 2284 560 2339 diris.
575 2286 614 2353 l2
633 2284 695 2338 triti
713 2301 775 2337 unc.
790 2284 803 2336 I
817 2287 845 2339 P
872 2288 876 2353 Ι
906 2284 992 2338 addes
1011 2286 1040 2338 P
1055 2283 1064 2355 Η

66 2352 173 2409 alarias
191 2372 225 2409 ex
244 2372 299 2424 quo
319 2357 347 2410 P
366 2359 375 2424 l
398 2362 415 2409 4
434 2355 568 2409 adiuvare
587 2357 615 2410 P
637 2358 646 2424 ΙΙ
667 2361 683 2408 6
702 2355 827 2409 calidum
844 2357 875 2410 F
897 2359 901 2424 Ι
926 2373 947 2407 r.
962 2370 1064 2423 pausa-

66 2423 139 2494 tumq.
153 2426 191 2482 ed.
202 2444 249 2496 pc.
264 2444 313 2481 cm.
329 2428 411 2480 etiam
431 2427 501 2481 cair.
519 2428 523 2494 Ι
539 2426 622 2480 huius
641 2428 702 2482 FP
712 2429 750 2496 ll
770 2444 837 2480 usus
856 2427 949 2482 AFP
968 2428 973 2494 Ι
995 2424 1066 2478 folia

67 2496 89 2548 A
114 2499 123 2565 ΙΙ
152 2504 167 2552 8
185 2498 260 2552 croci
279 2516 304 2566 q.
324 2515 351 2566 p.
371 2497 521 2552 drachmae
540 2499 568 2552 P
585 2499 657 2553 cair.
678 2498 752 2552 croci
771 2497 865 2551 drach.
880 2513 944 2566 pars
964 2497 1065 2566 quarta

66 2565 136 2622 Fer.
150 2570 189 2624 dr.
204 2571 315 2638 partem
329 2586 355 2637 q.
371 2570 399 2624 A
416 2587 443 2638 p.
459 2587 484 2638 q.
500 2586 550 2624 om.
566 2570 605 2623 ed.
616 2588 662 2640 pr.
680 2570 706 2625 G
732 2571 741 2638 l
769 2574 802 2622 10
821 2569 930 2623 divides
946 2584 996 2623 coa
1012 2570 1040 2623 P
1058 2567 1062 2640 l

67 2643 231 2707 exposcatum
244 2643 273 2696 P
285 2642 467 2709 exposcatum
480 2642 514 2695 M
525 2642 563 2707 V;
576 2659 616 2695 aa
630 2656 763 2711 exposce
776 2657 838 2695 cam
854 2639 946 2696 caia?
961 2655 1063 2708 expau-

67 2712 144 2764 satum
161 2714 233 2814 culp.
256 2714 266 2781 ΙΙ
289 2717 321 2765 11
342 2710 434 2778 ablue,
454 2712 478 2764 si
497 2714 589 2766 aestas
604 2710 623 2765 f.
639 2713 872 2781 Ρ1112111101
885 2729 935 2767 oea.
950 2711 1062 2784 AFPt

67 2784 129 2836 recte
141 2784 200 2839 AG
232 2784 273 2837 ed.
284 2800 329 2852 pr.
343 2783 448 2837 rectius
463 2783 494 2836 F
498 2783 524 2838 G
537 2786 644 2837 rectum
654 2785 682 2838 P
693 2784 718 2836 si
731 2785 751 2837 t.
767 2786 859 2838 rectus
872 2784 964 2838 factus
978 2782 1066 2838 inerit

69 2904 127 2961 css.
142 2908 146 2979 l
162 2907 325 2977 sulphurem
338 2924 432 2978 marpo
451 2908 487 2961 al.
501 2907 637 2962 furfurem
655 2909 695 2962 ed.
701 2927 746 2978 pr.
762 2912 771 2978 ΙΙ
786 2915 818 2962 13
837 2871 957 2975 resingm
975 2908 1064 2964 talen-

68 3027 113 3084 ten
124 3034 150 3087 A
163 3049 221 3086 -am
235 2995 289 3097 teal-
306 3033 332 3087 G
347 3035 352 3101 Ι
367 3033 479 3086 tanturn
492 3048 543 3086 osa.
559 3033 587 3087 P
597 3035 607 3101 ΙΙ
621 3038 655 3085 14
670 3032 694 3086 si
709 3049 760 3087 nec
776 3033 794 3087 i.
810 3052 836 3103 p.
852 3036 913 3089 FP
929 3005 988 3104 (qai
1001 3051 1065 3103 pro-

68 3097 178 3173 fecerint)
192 3107 201 3172 11
217 3109 250 3157 15
269 3104 363 3172 ipsum
377 3105 422 3172 ΡΙ
438 3103 551 3174 sagittis
569 3105 596 3157 A
614 3103 698 3158 velud
716 3104 829 3175 sagittis
842 3107 873 3160 F
889 3105 933 3160 vel
951 3105 1064 3173 sagittis

69 3171 106 3242 Pp
118 3179 147 3228 16
165 3175 297 3230 trinatico
320 3191 415 3299 maero
434 3174 470 3228 al.
489 3175 658 3244 tragmatico
678 3178 705 3231 A
718 3178 728 3246 l
742 3182 775 3230 17
794 3176 945 3245 pharmaco
963 3177 1002 3230 ed.
1018 3193 1063 3244 pr.

70 3258 108 3297 aa.
121 3247 147 3300 P
156 3247 202 3315 ph.
218 3249 314 3300 antem
330 3247 356 3301 G
397 3262 484 3300 amax
498 3250 594 3299 autem
608 3248 636 3301 A
649 3247 759 3301 Famax
772 3249 790 3301 i.
806 3249 918 3318 sapiens
933 3248 968 3300 de
981 3245 1000 3299 l.
1015 3247 1061 3317 Fi

70 3310 127 3369 hxis
144 3320 181 3371 ed.
192 3335 237 3387 pr.
254 3318 318 3372 AF
333 3318 337 3388 1
358 3318 527 3371 monstrabit
540 3320 571 3373 F
582 3317 619 3371 -is
634 3320 661 3373 A
680 3321 761 3372 erunt
779 3321 818 3374 cd.
835 3338 889 3388 pr„
907 3321 939 3372 ia
953 3320 981 3373 P
992 3333 1065 3371 acca

70 3387 129 3441 rubr.
152 3389 185 3443 de
211 3388 289 3444 febre
316 3405 350 3442 ex
366 3389 547 3456 lassitudine,
578 3390 675 3443 &iude
698 3389 794 3443 Febris
823 3406 856 3443 ex
878 3388 897 3442 l.
920 3406 971 3457 per
993 3388 1063 3440 haec

71 3455 137 3526 signa
152 3462 345 3528 monstraturi!
359 3467 393 3514 18
412 3461 493 3529 qnasi
506 3477 556 3513 om.
572 3461 603 3513 F
613 3460 661 3513 inl.
680 3460 760 3528 quasi
775 3462 802 3514 A
820 3460 902 3526 quasi
915 3459 1002 3525 longa
1016 3459 1043 3509 P
1054 3457 1064 3525 ll

73 3531 98 3579 19
113 3546 192 3598 pusca
211 3533 289 3600 ΑΡΙ
305 3531 421 3601 pulegio
439 3532 582 3600 11111120
602 3529 683 3583 dabis
701 3546 752 3584 oea.
767 3531 833 3583 AF
