2509 3892
392 160 532 215 MVLOM.
552 160 578 213 Π
598 166 738 214 ira-144
1009 159 1074 224 239

66 330 150 405 ditur,
168 333 193 390 si
211 332 319 389 humor
336 331 459 407 putidus
478 329 514 388 de
532 330 623 408 plaga
642 329 750 405 incipit
769 348 894 388 currere.
931 328 1074 389 Praesens
1091 332 1109 389 3

64 419 221 478 remedium
241 424 294 493 est,
318 419 344 478 si
360 419 490 478 haedum
507 418 556 477 vel
575 413 689 496 gallum
709 422 762 477 aut
780 436 891 495 agnum
912 418 945 476 in
962 420 1076 477 recenti

65 509 200 569 occideris
223 513 254 568 et
281 508 410 569 calentes
437 509 592 584 pulmones
622 509 685 566 eius
711 520 778 565 cum
801 508 958 585 sanguine,
988 507 1076 566 corde

64 598 110 656 vel
126 601 220 657 iecore
238 599 356 657 vulneri
374 597 548 673 apposueris
567 597 785 674 diligenterque
804 597 1022 670 constrinxeris,
1041 599 1076 655 ut

41 707 146 746 somne
176 690 258 746 virus
295 687 415 760 educat,
452 686 576 745 daturus
612 687 767 745 continuo*
792 687 957 761 potionem:
994 686 1076 743 acori

64 775 174 836 Pontici
204 795 332 836 semunc.
362 778 481 849 tritam,
508 777 573 833 vini
595 776 705 834 veteris
728 778 801 834 sext.
819 774 836 832 Ι
854 792 885 848 s,
908 774 980 834 salis
1007 776 1076 832 triti

63 865 208 925 heminam
230 867 345 941 pariter
369 867 475 938 misces
499 867 529 922 et
549 864 701 940 tepefacta
722 863 858 924 faucibus
881 863 999 942 digeris.
1042 863 1110 923 Sit

63 955 292 1029 perseveraverit
323 959 437 1028 tumor,
466 955 560 1013 vitem
592 952 693 1012 albam
725 954 891 1012 silvestrem
924 952 1075 1028 copiosam

64 1043 222 1102 comburito
238 1046 267 1102 et
282 1063 317 1102 ex
331 1044 478 1102 cineribus
497 1044 560 1101 eius
576 1043 700 1102 lixivam
718 1044 810 1102 facito
829 1045 860 1101 et
877 1044 909 1100 in
922 1043 1075 1118 potionem

30 1151 51 1190 rc
62 1151 113 1207 per
142 1132 221 1192 diem
253 1132 293 1191 ad
323 1153 415 1190 unum
431 1145 434 1150 '
452 1134 615 1191 sextarium
649 1131 728 1191 dato.
784 1129 920 1189 Cinerem
956 1149 1075 1207 quoque

62 1222 155 1297 ipsum
178 1240 247 1279 cum
271 1225 354 1280 aceto
381 1224 413 1279 in
436 1221 558 1279 modum
588 1221 812 1297 cataplasmatis
840 1220 958 1279 vulneri
979 1220 1075 1294 impo-

63 1312 130 1370 nito.
176 1310 209 1369 Si
227 1310 305 1369 nihil
323 1311 490 1386 profecerit,
513 1309 681 1370 cauteribus
700 1311 790 1385 urito,
812 1311 882 1368 usta
904 1308 1076 1369 solemniter

63 1405 168 1459 curato.
225 1399 366 1459 Farinam
398 1419 516 1475 quoque
551 1400 748 1458 hordeaceam
779 1418 814 1458 ex
851 1400 913 1458 sale
946 1401 975 1457 et
1004 1397 1075 1457 vino

64 1488 182 1565 oleoque
206 1489 358 1548 decoctam
379 1491 412 1547 in
435 1490 604 1548 cicatricem
627 1491 748 1565 oportet
769 1490 891 1563 imponi.

32 1722 52 1760 ιε
275 1697 425 1762 CXLIV.
449 1697 663 1763 scarabeum
686 1698 854 1763 comederit.

127 1828 159 1886 Si
180 1830 349 1887 iumentum
371 1847 515 1888 araneum
541 1829 573 1887 in
596 1827 707 1904 pabulo
731 1828 903 1902 comederit,
931 1827 1004 1886 haec
1035 1819 1182 1861 m⁸⁰G⁰⁸²

64 1921 147 1975 erunt
159 1919 259 1996 signa:
277 1920 375 1976 totum
389 1936 496 1995 corpus
509 1918 647 1991 tumebit,
663 1917 714 1976 sed
729 1919 840 1976 circum
854 1916 1004 1975 auriculas
1035 1873 1057 1912 V
1066 1874 1091 1915 ⁷⁹
1100 1873 1166 1914 sm

65 2010 92 2063 et
107 2007 207 2066 oculos
222 2024 257 2066 ac
275 2025 360 2065 nares
380 2007 495 2067 inflatio
514 2026 582 2066 cum
599 2007 806 2085 indignatione
828 2006 925 2065 maior
941 2008 1075 2082 apparet.

66 2092 115 2152 Cui
147 2096 204 2155 bac
234 2097 351 2155 ratione
388 2096 539 2156 subvenis:
576 2097 612 2156 de
645 2095 749 2173 palato
784 2097 960 2173 sanguinem
987 2095 1076 2155 tolles

34 2201 54 2240 a
65 2201 184 2261 eumque
203 2187 360 2260 exceptum
383 2204 450 2243 cum
468 2189 541 2245 sext.
565 2186 642 2245 aceti
661 2188 691 2244 et
709 2185 829 2244 hemina
848 2183 919 2243 salis
937 2182 1075 2243 miscebis

66 2276 93 2330 et
113 2274 190 2333 circa
212 2273 335 2351 plagam
353 2275 401 2332 vel
423 2275 489 2333 loca
512 2276 660 2333 tumentia
679 2292 834 2351 perunges,
857 2272 1075 2350 diligenterque

66 2365 173 2435 operies
195 2366 232 2421 ut
255 2363 353 2422 sudet:
376 2364 431 2422 hac
453 2366 570 2423 ratione
593 2363 767 2423 sanabitur:

65 2497 273 2510 ἱ--ι-

132 2593 145 2639 1
166 2585 239 2640 Chir.
256 2604 279 2640 c.
295 2592 353 2641 510.
429 2592 443 2639 7
464 2585 536 2640 Chir.
552 2603 574 2639 c.
590 2592 650 2640 511.
725 2591 757 2640 16
778 2585 851 2640 Chir.
867 2603 889 2640 c.
905 2590 964 2640 512.

67 2711 273 2724 *ss

132 2806 145 2853 1
165 2800 252 2856 fluere
266 2801 294 2855 P
305 2803 344 2870 113
363 2800 456 2854 cordis
474 2800 519 2855 vel
532 2800 633 2855 iecoris
648 2801 676 2854 P
691 2800 736 2854 vel
754 2799 838 2854 corde
853 2799 898 2854 vel
916 2800 934 2854 i.
954 2801 994 2855 ed,
1005 2817 1050 2870 pr.
1065 2799 1075 2872 11

69 2873 192 2927 lomnes
209 2872 282 2927 vires
301 2872 328 2925 L
360 2874 365 2940 1
399 2873 519 2926 maceria
538 2874 566 2927 A
585 2871 693 2927 silicem
711 2888 736 2926 a.
751 2871 781 2925 P.
797 2872 825 2925 P
853 2874 863 2941 11
893 2877 992 2927 tcum
1010 2890 1034 2926 v.
1049 2889 1074 2926 v.

69 2943 182 3019 anano
196 2944 236 2999 ed.
248 2962 293 3013 pr.
307 2947 317 3013 1
331 2948 346 2995 ‘l
361 2942 535 3013 tepefactum
549 2944 588 2998 ed.
597 2962 642 3013 pr.
658 2946 686 2998 A
699 2946 709 3013 11
723 2946 740 2996 8
753 2943 941 3013 perseveravit
955 2943 995 2998 cd.
1010 2961 1051 3012 pr.
1069 2943 1073 3017 1

69 3010 130 3066 1tem
147 3031 172 3069 a.
187 3015 214 3069 L
248 3018 252 3084 1
286 3014 399 3084 copiose
421 3015 461 3069 ed.
479 3032 521 3083 pr.
537 3015 598 3069 AP
626 3017 637 3083 11
669 3019 768 3068 9cum
791 3014 884 3070 butiro
904 3015 962 3070 AL
981 3031 1076 3086 rnorpc

69 3077 154 3139 burito
172 3086 199 3141 L
214 3086 219 3158 1
235 3102 270 3140 ex
288 3091 402 3141 c.»-10
422 3086 489 3139 dato
507 3103 557 3141 om.
572 3089 600 3141 A
616 3088 620 3157 1
636 3085 764 3140 lixivium
783 3087 822 3140 ed.
834 3103 879 3156 pr.
900 3088 909 3156 11
929 3092 962 3141 10
980 3086 1075 3141 triduo

71 3151 104 3205 vd·
115 3173 156 3223 pr.
169 3160 179 3226 11
194 3164 226 3212 11
247 3174 311 3212 cum
325 3174 366 3212 ao.
381 3174 432 3212 om.
447 3158 473 3211 L
489 3161 493 3225 1
510 3157 620 3211 vulneri
634 3156 810 3226 cataplasma
823 3158 852 3211 P
862 3161 872 3228 11
887 3163 919 3212 12
934 3157 1077 3212 cauteriza

71 3222 114 3276 sol.
133 3229 160 3281 et
178 3245 334 3299 superpone
352 3231 381 3285 P
398 3232 407 3298 11
429 3234 462 3282 13
482 3231 615 3282 curantur
634 3232 661 3284 A
677 3231 681 3299 1
697 3228 796 3283 hordei
815 3229 861 3298 ΡΙ
882 3246 946 3283 cum
962 3227 1077 3283 vincet

71 3292 128 3379 sule·
141 3298 256 3369 oleoque
274 3302 313 3355 ed.
328 3319 369 3370 pr,
386 3303 413 3355 A
433 3303 442 3369 11
466 3305 499 3354 14
519 3299 577 3354 dec.
591 3317 681 3369 usque
700 3298 768 3353 dum
786 3316 871 3354 sanus
890 3301 928 3355 eit
944 3303 973 3356 P
995 3303 1000 3368 1
1024 3300 1075 3355 im·

72 3377 131 3430 bom
147 3371 243 3428 &inde
261 3372 365 3443 apponi
383 3373 410 3427 L
1096 3383 1099 3388 '

98 3542 103 3554 ‚
137 3483 168 3531 19
186 3480 231 3534 cui
249 3460 303 3535 hade
320 3480 457 3534 rationem
476 3478 559 3534 tolles
578 3495 668 3547 eumq.
685 3479 709 3533 L
728 3480 790 3548 l120
810 3480 877 3534 sext.
893 3479 1028 3548 11Ρ1122
1048 3479 1074 3535 d.

73 3538 137 3600 fnca
154 3551 181 3604 et
198 3552 276 3622 operi
295 3560 327 3605 ut
345 3568 365 3605 s.
385 3551 474 3605 etsie
493 3553 606 3605 curatur
624 3552 653 3605 P
