2509 3892
171 169 235 231 192
608 165 744 220 VEGETI

169 336 242 393 bene
265 335 338 393 trita
356 336 536 408 commisces,
558 354 626 393 eum
640 335 741 394 ‘mellis
764 339 836 394 sext.
855 335 871 393 Ι
894 335 1048 411 decoques,
1070 355 1101 393 ex
1118 353 1175 410 quo

170 424 301 483 cocleare
315 425 437 500 plenum
449 423 481 481 in
496 443 591 500 aquae
605 424 721 488 calidae
734 425 895 483 sextarium
910 428 941 483 et
954 425 1013 483 olei
1027 423 1121 482 drach.
1132 422 1176 481 HI

134 513 270 572 4mittes
293 517 324 571 et
345 532 399 589 per
421 531 453 572 os
476 512 626 571 defundes
669 512 768 589 Caput
794 532 913 589 quoque
937 513 999 573 eius
1022 533 1106 588 saepe
1130 530 1177 570 cu·

169 602 257 660 rabis.
298 602 440 659 Radicem
462 601 653 676 Dianariam,
676 601 707 659 id
733 605 778 660 est
800 602 908 661 herbae
931 602 1121 674 Artemisiae,
1148 601 1178 658 in

169 692 323 767 pulverem
340 690 456 768 rediges
475 693 506 749 et
523 710 577 766 per
589 691 723 750 fistulam
740 692 863 750 naribus
880 691 1055 750 insufflabis.
1091 690 1177 749 Radi-
1199 712 1209 750 s

170 799 233 839 cem
256 799 376 855 quoque
404 779 511 838 laseris
534 783 654 839 tunsam
684 782 710 838 si
739 780 860 839 naribus
887 780 1050 854 deluderis,
1079 780 1178 838 cadom

168 869 285 928 ratione
307 869 447 945 proderit.
489 868 522 926 Si
546 878 646 927 autem
668 869 768 944 passio
791 868 1010 944 perduraverit,
1041 872 1130 944 caput
1152 870 1178 926 ei

168 977 245 1036 ures,
267 961 303 1016 ut
325 957 427 1033 apioso
449 957 514 1015 fieri
537 959 697 1016 consuevit.

285 1165 562 1231 LXXXXVIII.
590 1164 641 1229 De
662 1186 694 1229 eo
717 1166 772 1247 pei
794 1186 909 1246 meam
931 1165 1067 1229 revomit.

63 1289 208 1331 mmm·
253 1295 406 1353 Animalia
443 1314 531 1371 saepe
568 1314 678 1370 aquam
713 1297 871 1353 revomunt
910 1314 1000 1369 quam
1037 1294 1177 1353 biberant.
1190 1316 1208 1354 uo
1249 1377 1250 1380 Ἴ

208 1383 290 1454 Quae
313 1384 412 1460 passio
440 1384 475 1443 de
502 1385 595 1442 nimia
622 1385 814 1459 perfrictione
842 1383 1006 1458 deseendit,
1034 1402 1102 1441 eum
1124 1385 1179 1441 sto·
1249 1385 1250 1394 ’

62 1342 85 1381 V
94 1344 120 1383 tt
128 1343 193 1383 Schm

170 1475 293 1533 machus
324 1474 477 1549 paralysin
506 1492 541 1531 ex
570 1474 681 1549 frigore
711 1474 847 1532 sustinet.
894 1471 952 1530 Sed
981 1473 1037 1531 hac
1068 1471 1178 1531 ratione

171 1566 325 1622 curantur:
349 1562 470 1640 sanguis
489 1562 525 1620 de
543 1562 655 1620 cervice
678 1561 855 1634 detrahitur,
877 1563 1014 1635 potiones
1033 1562 1178 1620 therman-

169 1654 246 1711 tieae
269 1653 477 1728 propinantur,
499 1650 689 1710 unctionibus
712 1646 901 1709 calidissimis
924 1651 1000 1708 aran
1021 1653 1178 1726 pectusque

171 1741 379 1816 confricantur,
403 1742 550 1817 purgatur
568 1759 636 1797 eum
657 1739 780 1797 naribus
799 1742 898 1814 caput,
921 1742 952 1797 et
973 1741 999 1797 si
1021 1740 1177 1800 necessitas
1189 1758 1208 1798 15

170 1829 377 1904 postulaverit,
401 1829 610 1905 sinapizantur.

392 2035 687 2102 LXXXXVHII.
711 2036 761 2100 De
783 2037 955 2102 admotae.

63 2158 207 2200 111³⁵G⁰⁸¹¹·
254 2165 430 2225 Sideratieia
452 2168 587 2226 iumenta
608 2167 759 2241 dicuntur,
785 2185 853 2225 cum
874 2183 964 2225 venas
986 2185 1098 2225 vacuas
1118 2182 1176 2240 per·

64 2212 194 2254 va480nn.

210 2257 336 2315 cusserit
364 2255 459 2332 frigus
488 2257 542 2314 aut
568 2258 667 2315 aestus
697 2256 750 2313 aut
778 2255 948 2331 impleverit
976 2255 1108 2315 cruditas
1131 2255 1178 2311 aut
1249 2273 1250 2328 f

243 2449 276 2520 1⁰.
296 2441 369 2496 chn.
385 2459 407 2495 ο.
423 2447 482 2495 asi.
557 2448 589 2496 18
608 2441 681 2496 cun.
698 2460 720 2495 ο.
736 2447 796 2496 aas.

243 2628 257 2674 1
278 2619 426 2674 commisce
449 2637 512 2672 cum
534 2620 618 2674 melle
644 2621 711 2675 sext.
730 2621 744 2673 I
762 2622 791 2675 et
809 2620 934 2688 decoque
957 2636 991 2673 ex
1014 2618 1176 2673 coclearium

170 2710 258 2745 unum
277 2708 340 2744 eum
359 2707 433 2758 aqua
452 2693 519 2744 sext.
534 2691 547 2743 Ι
560 2694 603 2760 ΡΙ
627 2698 643 2743 2
663 2692 816 2746 coclearem
835 2694 861 2745 L
886 2696 890 2760 Ι
915 2691 970 2745 olei
988 2708 1051 2744 une.
1066 2691 1080 2743 l
1097 2690 1176 2744 misce

171 2765 249 2830 Ρ113
268 2762 358 2816 mittis
377 2763 416 2816 ed.
428 2778 473 2831 pr.
489 2764 516 2815 A
539 2762 542 2833 l
566 2763 595 2815 di
657 2763 701 2815 dis
720 2766 781 2818 AP
797 2762 928 2816 defundis
946 2764 986 2817 ed.
997 2779 1042 2830 pr.
1069 2765 1073 2832 Ι
1098 2774 1175 2828 saepe
1249 2757 1250 2848 ἒ

171 2834 232 2888 LP
248 2833 360 2901 saepius
379 2834 418 2887 ed.
430 2850 474 2900 pr.
495 2834 606 2902 saepius
625 2835 655 2887 et
673 2850 770 2888 curare
783 2836 811 2889 A
825 2837 864 2904 114
882 2834 1006 2887 radicem
1026 2832 1175 2888 deariniam

171 2906 198 2959 L
216 2905 344 2957 radicum
363 2903 498 2972 dyanarie
511 2905 529 2956 i.
544 2904 603 2958 Ait.
619 2907 648 2959 P
658 2907 667 2974 ΙΙ
682 2910 697 2958 ὅ
716 2905 824 2958 fistulas
843 2908 870 2959 A
884 2909 893 2974 ss
908 2911 923 2958 6
941 2903 1041 2958 laseris
1060 2906 1098 2959 ed.
1108 2920 1150 2971 pr.
1169 2909 1173 2966 ,l

171 2975 333 3029 defunderis
348 2977 375 3028 A
391 2978 395 3044 Ι
412 2975 436 3028 si
450 2974 584 3028 diffundis
598 2975 628 3029 in
646 2992 715 3040 nar,
734 2977 833 3030 eadem
848 2977 963 3044 prodest
977 2976 1118 3029 curatione
1132 2973 1174 3036 P„

172 3052 186 3100 7
207 3047 267 3101 eius
286 3047 325 3100 ed.
339 3063 383 3114 pr.
399 3047 459 3099 AP

242 3123 258 3170 9
278 3118 314 3172 de
332 3117 411 3185 equis
430 3133 455 3170 a.
469 3118 674 3172 revomentibus
693 3120 720 3172 L
739 3121 749 3188 ll
772 3124 805 3172 10
825 3135 909 3187 saepe
927 3135 951 3171 a.
966 3136 1016 3173 oua
1032 3120 1059 3172 L
1074 3122 1077 3186 Ι
1093 3129 1173 3168 remo-

171 3191 241 3243 vunt
250 3190 278 3242 P
289 3190 432 3242 revoment
446 3189 485 3242 ed.
493 3205 537 3255 pr.
548 3192 575 3242 A
591 3192 595 3258 Ι
611 3189 735 3244 biberint
749 3192 775 3243 L
789 3193 798 3260 ΙΙ
813 3198 844 3244 11
861 3206 875 3243 e
889 3192 929 3244 ed.
940 3208 984 3258 pr.
995 3206 1045 3244 om.
1057 3193 1082 3242 A
1098 3190 1102 3254 Ι
1116 3200 1172 3255 per·
1249 3191 1250 3272 J

171 3261 319 3314 fricatione
329 3261 390 3314 AP
401 3262 410 3328 ΙΙ
425 3264 457 3311 12
468 3259 587 3313 sustinet
596 3262 655 3314 LA
665 3261 799 3315 sustinuit
807 3263 847 3316 ed.
854 3279 898 3331 pr.
914 3260 1048 3330 exrigore
1062 3256 1171 3312 susum

171 3332 215 3386 bit
234 3333 262 3385 P
278 3333 288 3400 i
308 3336 340 3384 15
360 3330 555 3396 confricantur,
569 3333 712 3401 purgetur,
731 3332 922 3401 sinapizentur
940 3331 980 3384 L’
1005 3335 1009 3400 Ι
1033 3347 1081 3402 per
1097 3340 1170 3381 neree

172 3405 211 3456 ed.
218 3420 263 3471 pr.
280 3405 284 3471 Ι
300 3402 325 3455 si
343 3416 456 3456 necesse
469 3400 563 3468 fuerit,
581 3400 752 3471 sinapizetur
764 3406 792 3458 P
802 3408 811 3473 ΙΙ
827 3409 859 3457 16
874 3404 961 3458 etiam
979 3404 1030 3457 ein.
1045 3403 1083 3457 ed.
1096 3397 1169 3468 ped

244 3479 276 3525 17
296 3472 453 3526 sideratitio
473 3473 512 3525 ed.
523 3489 568 3540 pr.
588 3472 756 3527 sideratione
776 3477 803 3528 A
822 3475 944 3529 siderate
964 3477 991 3530 P
1008 3477 1017 3544 Η
1041 3479 1072 3529 19
1090 3469 1170 3538 friglffi

172 3545 264 3596 aestas
283 3542 361 3611 impl.
377 3543 477 3596 crudae
495 3544 523 3596 A
