2509 3892
170 179 238 244 254
612 175 749 230 VEGETI

170 364 228 407 ova
260 346 352 406 cruda
378 345 430 421 Ἦ,
458 345 518 406 olei
545 347 624 406 rosei
653 364 712 406 ova
740 344 831 422 plena
853 343 906 419 vl,
933 344 1038 421 butyri
1065 342 1179 402 resoluti

170 455 236 495 unc.
255 435 310 512 HI,
334 436 389 495 alii
407 434 518 495 Gallici
534 455 601 495 unc.
619 434 676 509 ΙΠ,
694 434 789 512 amyli
805 452 872 493 unc.
890 433 947 509 111,
963 432 1098 510 pulveris
1114 452 1180 509 qus·

170 524 296 603 drigarii
324 543 390 584 unc.
412 524 467 601 ΠΙ,
496 524 622 585 lomenti
650 523 753 599 fabae,
780 523 815 582 id
841 526 888 582 est
915 524 1044 598 suinae,
1074 521 1179 582 sexti

136 613 253 674 5Haee
275 615 377 674 omnia
399 616 444 673 ite
461 613 652 691 temporabis,
674 615 710 672 ut
726 631 782 689 per
803 631 896 673 cornu
919 611 1052 671 defluant
1074 615 1105 671 et
1125 630 1179 671 sex·

169 704 263 763 turios
286 704 420 781 singulos
446 704 556 762 ieiunis
583 701 765 762 animalibus
791 720 846 778 per
871 701 1007 760 triduum
1034 700 1131 776 debis3
1154 703 1210 763 ets

170 795 197 853 si
218 792 361 868 volueris,
384 791 445 850 VH
467 792 571 851 diebus
593 792 780 867 interpositis
801 792 918 867 repetes
941 792 972 850 et
991 789 1078 849 dabis
1100 807 1119 848 a
1139 807 1179 848 ce

135 884 232 959 sspite
259 883 419 960 potionem
453 880 594 944 ,Iumenta
616 898 635 939 a
657 880 762 939 morbo
784 879 880 940 reficit
905 883 936 939 et
953 878 1097 938 custodit:
1118 898 1179 956 geu·

168 973 284 1047 tianae,
315 971 526 1030 aristolochiae
554 970 714 1044 rotundae,
744 988 863 1028 murrae
894 968 1038 1042 truditis,
1069 985 1178 1027 rasurae

169 1061 266 1121 eboris
301 1063 332 1119 et
360 1059 503 1119 bacarum
531 1059 610 1117 lauri
649 1060 752 1134 aequis
788 1058 970 1136 ponderibus
1001 1058 1101 1133 pulvis
1131 1058 1178 1115 im·

168 1150 293 1224 mixtus,
322 1168 358 1208 ex
381 1167 439 1224 quo
467 1147 579 1226 grande
607 1148 786 1207 coclearium
812 1147 935 1223 plenum
957 1165 1070 1222 sumes3
1098 1145 1177 1204 addes
1188 1168 1207 1208 u

169 1239 292 1315 hyssopi
308 1239 376 1297 triti
390 1256 485 1313 scrop.
499 1236 553 1313 IV,
571 1237 669 1297 mellis
683 1237 732 1297 vel
745 1236 827 1313 pessi
840 1254 907 1295 unc.
920 1235 978 1311 111,
995 1237 1062 1294 vini
1079 1233 1177 1307 serti,

170 1328 261 1403 cyphi
282 1327 406 1386 resoluti
424 1327 581 1403 pastillum
603 1326 633 1401 I;
656 1329 726 1402 post
743 1344 863 1384 cursum
884 1327 948 1386 sive
965 1327 1036 1401 post
1057 1325 1177 1384 laborem

100 1447 106 1470 0
169 1416 284 1475 conditi
305 1415 379 1475 bene
402 1416 532 1492 piperati
560 1416 713 1474 heminam
735 1414 860 1489 adicies,
887 1416 1002 1473 aestate
1024 1414 1117 1473 rosati
1136 1411 1177 1471 vel

135 1504 313 1566 'labsinthii
334 1504 525 1579 tantundem,
549 1507 580 1563 et
602 1524 658 1581 per
679 1522 712 1564 os
735 1502 821 1562 debis
844 1503 883 1562 ad
905 1522 1006 1562 cornu.
1049 1501 1083 1562 Si
1104 1504 1176 1561 aestu

169 1595 281 1655 animal
299 1595 456 1671 fatigatur,
478 1612 602 1670 pusoem
619 1612 688 1652 oum
704 1594 805 1670 puleio
828 1593 902 1651 trito
919 1591 1026 1651 misces
1043 1608 1176 1667 naresque
1186 1610 1205 1652 ιε

169 1686 200 1743 et
213 1683 329 1763 Afociem
352 1683 538 1743 confovebis:
565 1700 623 1742 ova
647 1700 764 1758 quoque
790 1683 866 1740 trita
893 1701 960 1742 cum
981 1681 1102 1740 hemina
1122 1680 1176 1739 vini

168 1774 278 1832 veteris
301 1772 408 1848 optimi
430 1772 566 1833 faucibus
587 1771 736 1846 infundes,
758 1772 880 1830 uteris
902 1770 969 1830 lene
991 1770 1175 1849 refrigerium,

168 1863 239 1922 vino
262 1864 358 1920 virtus
382 1864 539 1922 accrescat.
574 1860 702 1920 Meoiem
719 1862 953 1938 languoremque
975 1859 1105 1935 depellet
1125 1857 1174 1918 sul·

169 1951 245 2010 furis
275 1968 413 2025 semona,
440 1970 557 2010 murrae
580 1968 677 2026 scrop.
695 1948 740 2009 IV
761 1951 795 2007 in
818 1949 973 2025 pulverem
998 1947 1175 2024 resolutasi

169 2059 259 2100 ovum
281 2040 405 2099 crudum
435 2042 465 2099 et
493 2040 557 2099 vini
585 2041 695 2099 veteris
724 2038 870 2098 sextarius
900 2037 1029 2097 addatur
1052 2040 1205 2114 frequen-s

135 2133 273 2205 8terque
296 2148 350 2206 per
371 2129 471 2189 fauces
494 2129 587 2188 detur.
634 2127 783 2205 Dispente
801 2129 855 2202 est,
879 2126 959 2204 quod
981 2144 1074 2204 supra
1095 2129 1176 2185 rettu-

242 2300 312 2355 tcf.
326 2297 424 2369 Veg.1
443 2302 486 2366 10,
501 2303 526 2353 6.
595 2302 629 2352 13
649 2297 684 2352 cf.
700 2296 859 2367 Veg.1b6,
874 2302 917 2351 22.
988 2302 1022 2351 18
1042 2292 1177 2366 cf.Veg.I

170 2378 212 2440 56,
229 2378 269 2426 15.
343 2377 376 2425 21
396 2369 431 2425 cf.
447 2375 463 2437 ξ
478 2375 502 2424 6.
534 2369 592 2423 Pel.
607 2385 631 2423 c.
646 2374 706 2423 366.

242 2522 256 2570 1
276 2514 408 2584 butyrum
426 2512 504 2567 soliti
522 2513 549 2567 L
579 2515 589 2583 ΙΙ
616 2517 633 2564 2
653 2510 701 2565 eni
719 2509 751 2564 G.
767 2509 795 2563 L
813 2525 896 2582 anag.
910 2509 950 2565 ed.
961 2526 1008 2580 pr.
1023 2512 1053 2566 A
1070 2505 1177 2580 sinphiti

168 2586 230 2641 triti
240 2588 269 2641 P
279 2589 288 2657 {l
303 2591 319 2641 8
332 2584 407 2655 polis
420 2583 505 2638 fabae
518 2585 586 2638 sext.
597 2583 625 2638 P
636 2585 646 2651 l
660 2588 676 2636 6
690 2582 729 2637 VI
738 2584 767 2637 P
777 2584 786 2652 ΙΙ
801 2586 816 2634 'l
831 2580 953 2637 Tum0nt
966 2582 1004 2635 ed
1016 2580 1160 2636 morbosA
1171 2577 1175 2650 Ι

168 2658 273 2711 morbis
287 2658 328 2712 ed.
337 2674 384 2726 pr.
401 2658 405 2725 Ι
420 2654 508 2710 refert
520 2654 592 2710 haec
604 2653 684 2723 potio
699 2655 728 2708 P
742 2653 870 2707 vindicet
883 2655 913 2707 et
926 2669 949 2707 e.
963 2654 1005 2708 ed.
1013 2671 1060 2724 pr.
1074 2655 1112 2723 us
1128 2654 1177 2705 ue

169 2727 294 2800 glodytie
312 2729 353 2783 ed.
369 2745 414 2797 pr.
432 2743 484 2782 ocu.
499 2728 528 2781 P
555 2729 565 2796 u
597 2730 613 2779 9
633 2724 791 2795 aequaliter
812 2723 957 2793 pulveriza
978 2726 1009 2779 et
1030 2725 1116 2779 misce
1133 2718 1176 2848 Pil

170 2804 204 2853 10
223 2798 368 2853 cochleare
387 2800 426 2854 ed.
438 2816 484 2868 pr.
498 2798 527 2853 A
542 2798 547 2869 Ι
563 2796 671 2851 addens
690 2798 738 2866 ΡΙΙ
758 2802 790 2850 12
809 2795 885 2867 gisni
903 2795 943 2851 ed.
954 2812 1001 2864 pr.
1015 2796 1045 2850 A
1062 2793 1140 2867 gyfni

169 2869 215 2924 fec
233 2869 363 2953 pastillos
388 2870 522 2953 pensator
545 2867 702 2936 quemlibet
718 2867 809 2951 nnel
828 2883 863 2922 ex
886 2866 990 2950 quibus
1013 2884 1102 2921 unum
1121 2865 1177 2936 post

169 2936 1177 3095 eusuetsecessissemtect

170 3089 203 3139 13
222 3083 346 3153 prperati
362 3100 457 3166 margo
470 3082 634 3152 praeparati
647 3082 688 3136 ed.
698 3098 743 3151 pr.
763 3081 820 3137 olei
837 3081 926 3135 roseti
944 3079 990 3136 vel
1003 3079 1177 3136 abscinthist

170 3158 198 3211 P
213 3170 278 3210 roso
297 3154 355 3210 sive
370 3154 476 3208 absmti
489 3156 516 3209 L
534 3154 605 3208 roris
618 3153 665 3209 vel
679 3169 703 3207 e.
718 3153 759 3208 eol.
770 3170 815 3222 pr.
831 3153 859 3208 A
872 3154 881 3222 ΙΙ
896 3159 929 3207 16
948 3151 1118 3208 confricabis
1131 3148 1178 3221 All

171 3284 205 3334 17
223 3282 256 3333 ut
274 3279 333 3333 ovis
347 3277 420 3333 bene
437 3295 459 3331 r.
475 3279 503 3332 A
520 3280 554 3331 ut
571 3241 634 3332 obis
647 3240 706 3331 ldae
724 3294 745 3331 r.
760 3279 787 3332 L
805 3277 838 3331 ut
852 3277 898 3331 ovi
910 3294 932 3330 r.
947 3278 976 3332 P
990 3280 1025 3331 ut
1038 3294 1090 3348 per
1107 3276 1148 3332 ovi
1159 3291 1177 3328 r.

169 3350 210 3405 cd.
222 3367 266 3418 pr.
294 3353 304 3417 11
332 3354 365 3403 18
384 3349 449 3402 vino
466 3350 547 3402 vetus
566 3350 593 3404 L
610 3349 671 3403 vini
687 3348 776 3402 virtus
800 3348 839 3403 ed.
852 3366 896 3417 pr.
911 3350 946 3414 P,
960 3349 988 3404 A
1007 3349 1155 3419 (virtutem)
1172 3344 1176 3418 1

171 3420 307 3474 arefaciat
325 3421 354 3475 P
385 3422 389 3489 Ι
423 3419 448 3472 si
466 3434 532 3473 sem.
548 3419 612 3472 suli.
632 3436 696 3474 eum
714 3438 751 3474 m.
770 3418 901 3489 scripulis
918 3418 958 3474 IV
975 3420 994 3474 i.
1009 3438 1038 3490 p.
1058 3416 1178 3477 resolutis

171 3506 254 3543 ovnm
271 3492 312 3545 ed.
323 3508 367 3559 pr.
383 3491 411 3544 A
425 3489 605 3560 (resolutam).
624 3491 710 3545 uncie
724 3491 808 3546 semis
827 3508 847 3545 s.
863 3508 927 3547 cum
940 3508 977 3546 m.
993 3534 999 3545 .
1016 3534 1023 3547 .
1039 3533 1046 3547 .
1064 3490 1178 3548 resoluto

216 3561 263 3630 Pl
276 3565 309 3614 21
328 3562 362 3614 ut
380 3575 466 3628 supro
484 3560 525 3614 ed
534 3577 579 3629 pr.
