2509 3892
437 152 576 207 rsvnom
596 105 683 220 nes,
698 158 731 207 cs
1026 153 1089 218 183

83 323 218 397 coeperit,
240 326 310 397 post
332 321 390 379 XII
413 321 475 381 dies
498 324 671 398 coepertum
694 321 841 381 exercebis
864 326 899 381 ut
920 323 1015 382 sudet.
1058 321 1090 381 Si
1107 327 1146 385 16

82 413 139 469 ista
165 430 227 470 nen
256 411 418 485 valuerint,
448 410 541 470 uteris
570 413 708 487 superius
736 410 902 470 declaratis.
952 412 1090 487 Plerique

82 503 252 559 asseverant
280 499 420 560 ficulneas
450 500 569 559 frondes
597 499 747 559 roboreris
781 502 916 576 oportere
946 500 1090 575 praeberi,

83 607 155 664 quae
176 589 358 648 naturaliter
381 589 487 663 calent,
510 588 663 665 potionem
683 607 800 664 quoque
817 608 871 663 per
893 607 925 648 os
949 590 1090 649 dandam:

56 678 260 754 sepepanacis
291 697 358 736 unc.
376 677 416 752 IL
443 678 567 737 storacis
595 697 662 736 unc.
680 677 736 745 HI,
764 678 921 756 gentianae
951 699 1015 738 unc.
1035 678 1090 753 III,

80 785 204 826 mannae
239 768 319 826 croci
352 785 417 825 unc.
443 767 498 844 111,
531 785 650 825 murrae
684 785 779 843 semp.
804 766 829 841 L
861 768 973 843 piperis
1008 769 1091 845 lengi

80 873 173 930 scrup.
191 855 224 913 11
246 874 315 914 cum
337 854 406 914 vinc
429 855 523 915 veteri
540 855 642 931 tepido
666 858 757 932 atque
779 856 818 913 ad
836 874 928 915 cornu
950 855 1089 933 digerere.

79 939 142 1003 Hac
165 945 258 1003 etiam
279 945 420 1004 unctione
444 945 483 1004 ad
512 945 676 1012 curandum
697 944 788 1003 robur
813 945 861 1004 vel
884 944 1091 1021 expellendum
1106 950 1146 1006 17

80 1033 173 1112 lngus
193 1035 333 1091 utuntur:
357 1052 440 1093 cerae
459 1033 509 1092 lib.
526 1034 549 1109 Ι,
567 1033 683 1092 resinae
701 1033 902 1093 terebentinae
920 1053 987 1093 unc·
1006 1033 1090 1108 Vffl,

45 1142 69 1180 ιο
80 1124 260 1199 opopanacis
291 1141 359 1182 unc.
383 1122 427 1196 Π,
458 1122 604 1182 medullae
635 1124 771 1182 cervinae
801 1141 867 1181 unc.
891 1122 934 1196 11,
966 1123 1090 1182 storacis

79 1230 142 1270 une.
162 1211 216 1285 IV,
233 1211 375 1270 bacarum
397 1213 475 1270 lauri
498 1212 589 1286 solih,
613 1212 671 1271 olei
694 1212 765 1270 irini
782 1215 871 1286 prout
894 1229 967 1287 opus
985 1213 1090 1271 fuerit:

79 1318 155 1375 quae
178 1301 279 1359 omnia
301 1301 333 1359 in
355 1320 447 1359 unum
474 1300 591 1380 adiecta
617 1302 650 1359 in
673 1320 753 1376 aqua
776 1299 945 1375 decoquunt
972 1303 1002 1359 et
1023 1321 1090 1377 per·

78 1389 219 1449 tricantes
242 1389 399 1467 inungunt.

342 1579 546 1644 LXXXIX.
570 1578 620 1643 Dc
642 1580 824 1662 hydropicis

43 1727 66 1767 rs
142 1708 284 1785 Hydrops
311 1729 371 1769 non
400 1709 494 1769 levius
518 1710 660 1768 animalia
685 1728 775 1787 quam
801 1710 935 1769 homiues
962 1711 1019 1768 fre·
1051 1703 1196 1798 ffiffie

78 1800 202 1873 quenter
220 1798 351 1860 infestat.
392 1798 542 1858 Vitclibus
561 1817 690 1874 namque
708 1799 833 1873 vitiatis,
852 1818 920 1858 cum
939 1799 1019 1878 dige·

78 1887 134 1945 stio
157 1886 291 1946 ciborum
313 1888 402 1963 plena
424 1906 483 1945 nou
505 1887 651 1965 provenit,
674 1888 780 1946 humer
802 1888 907 1948 noxius
929 1891 1091 1964 perniciem

77 1977 210 2050 corperis
228 1979 432 2054 tumoremque
452 1976 605 2036 consuevit
620 1977 737 2034 inferre.
774 1976 870 2045 Quam
888 1977 1089 2037 valetudinem

77 2064 149 2123 haec
170 2064 260 2142 signa
282 2066 499 2126 demonstrant:
526 2067 628 2144 turget
651 2068 767 2140 venter,
797 2069 827 2125 et
850 2085 936 2125 crura
957 2068 1122 2126 testiculi2

41 2172 65 2210 re
77 2155 217 2230 scapulae
235 2154 329 2213 lumbi
346 2156 443 2213 latera
465 2158 495 2213 et
516 2158 618 2232 tergus
636 2154 780 2213 inflantur
797 2173 891 2230 usque
911 2172 954 2229 ee,
977 2159 1012 2214 ut
1034 2175 1088 2215 nec

76 2242 106 2299 in
136 2243 236 2319 eapite
269 2242 331 2303 eius
364 2246 527 2321 appareant
556 2262 658 2302 venae.
712 2242 768 2302 Oui
800 2262 867 2302 eum
898 2243 953 2302 sub
983 2245 1088 2321 lingua

76 2331 221 2409 tetigeris,
243 2331 412 2392 subtussiet.
457 2332 545 2391 Hunc
567 2332 819 2391 ambulationibus
841 2332 979 2391 brevibus
1003 2351 1088 2408 oper·

75 2423 140 2479 tum
163 2421 352 2498 gravioribus
379 2424 472 2501 sagis,
500 2421 592 2481 denec
618 2421 717 2494 sudet,
745 2420 890 2479 exercebis
917 2422 949 2479 in
972 2420 1033 2480 sele
1057 2423 1088 2481 et

75 2508 236 2568 adversum
258 2510 336 2585 pilos
358 2530 412 2587 per
438 2513 536 2570 totum
559 2529 665 2586 corpus
688 2511 877 2585 postmodum
901 2509 1121 2585 ccnfficabis,3

147 2661 354 2716 aPel.e.2s4.
419 2662 625 2717 sPel.c.299.
695 2661 903 2716 sPel.c.297.
968 2667 999 2715 19
1015 2660 1088 2716 Chir.

73 2739 175 2789 c400.
249 2738 283 2787 24
302 2732 375 2787 Chir.
391 2750 413 2787 c.
429 2739 489 2787 401.

147 2900 163 2946 2
182 2893 241 2947 uris
255 2895 288 2946 ut
301 2911 322 2947 s.
337 2896 381 2948 eet
395 2893 577 2948 declaratum.
599 2893 758 2962 Plerumqu.
774 2895 802 2948 A
814 2897 824 2964 ΙΙ
838 2900 854 2947 6
869 2894 978 2948 succari
991 2895 1031 2948 ed.
1043 2911 1087 2963 pr.

72 2966 100 3019 A
120 2964 197 3018 croci
213 2966 270 3019 Pel.
285 2967 324 3034 118
343 2980 377 3018 ac
395 2966 425 3018 et
443 2965 582 3019 avicticne
600 2966 628 3019 A
646 2968 655 3034 ΙΙ
675 2970 708 3018 10
726 2965 799 3019 med.
814 2980 885 3020 cerv.
900 2982 962 3019 unc.
977 2965 1003 3017 Π
1022 2969 1087 3019 ater.

73 3053 137 3090 unc.
153 3035 193 3088 IV
206 3052 256 3091 orn.
271 3038 299 3091 A
312 3039 321 3105 ΙΙ
336 3042 368 3089 11
388 3035 443 3089 olei
457 3036 518 3105 pini
532 3037 571 3091 cd.
583 3054 627 3106 pr.
642 3037 670 3089 A
684 3053 708 3090 0.
723 3036 798 3104 yrini
810 3038 838 3090 P
850 3051 874 3089 ο.
889 3036 994 3090 laurini
1008 3038 1064 3091 Pel.

75 3113 108 3161 12
128 3107 160 3160 in
177 3123 265 3160 unum
282 3123 333 3161 om.
348 3111 375 3161 A
391 3110 395 3176 Ι
412 3108 511 3162 addita
529 3124 586 3177 qua
605 3109 730 3175 coquunt
748 3109 793 3174 ΡΙ
809 3125 836 3175 p.
856 3110 975 3161 utuntur
992 3109 1020 3161 P

149 3182 182 3231 15
200 3194 256 3232 nen
274 3177 375 3232 melius
389 3178 417 3231 A
432 3181 437 3248 Ι
453 3178 519 3249 hyd.
535 3182 564 3233 et
582 3194 626 3234 an.
642 3180 671 3232 et
684 3178 758 3232 hom.
773 3180 801 3232 P
811 3181 820 3247 ΙΙ
836 3185 869 3232 16
888 3179 918 3232 in
935 3178 1042 3233 talibus
1060 3197 1087 3232 n.

73 3249 152 3304 vitiis
162 3251 202 3304 ed.
211 3267 253 3318 pr.
265 3250 293 3303 A
305 3251 315 3318 ΙΙ
330 3254 362 3302 17
376 3250 531 3318 pamiciem
541 3282 574 3291 -—
587 3256 619 3304 18
630 3249 774 3304 consuevit
783 3266 834 3305 mn.
844 3251 871 3304 A
885 3252 895 3319 ΙΙ
910 3255 942 3303 19
952 3251 1089 3320 turgescit

74 3322 102 3375 P
130 3324 134 3389 Ι
164 3321 240 3393 test]
260 3337 324 3374 cum
342 3319 463 3389 pedibus
482 3323 510 3375 P
534 3325 544 3392 ll
574 3327 608 3375 20
626 3321 717 3375 lumbi
735 3337 785 3375 orn.
800 3322 839 3375 ed.
851 3338 896 3390 pr.
910 3323 989 3376 babet
1006 3322 1088 3375 ctiam

75 3392 148 3446 asir.
167 3394 297 3463 {tergum
315 3392 343 3445 A
360 3393 364 3461 l
379 3391 513 3446 inflantur
531 3409 582 3448 om.
597 3394 643 3461 ΡΙ
664 3392 734 3446 adeo
754 3394 781 3446 A
804 3394 813 3462 ll
835 3398 868 3445 21
889 3392 949 3446 eius
968 3408 1018 3446 cra.
1033 3393 1060 3446 A
1082 3393 1086 3461 l

74 3460 202 3533 linguam
220 3464 260 3518 ed.
271 3480 315 3532 pr.
329 3465 340 3532 ΙΙ
354 3468 387 3516 22
406 3464 509 3517 tussiat
526 3465 554 3518 P
565 3467 574 3532 ΙΙ
588 3470 621 3516 23
642 3481 682 3533 gr.
698 3462 785 3517 donec
805 3463 923 3518 desudet
941 3462 1017 3532 sagis
1036 3465 1064 3516 P
1079 3464 1090 3535 ll

76 3538 110 3587 24
128 3534 357 3602 adversum-p.
374 3540 433 3602 184,
448 3539 464 3588 9
483 3534 639 3604 perimatur
656 3552 706 3590 orn.
723 3534 751 3601 P
