2509 3892
460 170 603 226 MVLOM.
620 171 661 226 IV
680 178 695 225 2
1021 172 1087 237 283

63 340 182 400 fastidit
214 341 365 417 ignotum,
401 341 499 416 primo
532 340 592 400 cibi
623 344 834 420 asperguntur3
868 342 974 401 deinde
1008 361 1086 420 aqua

62 431 173 508 exigua
208 431 346 505 portione
382 428 560 505 medicatur,
596 430 636 489 ad
652 465 655 470 -
672 431 814 489 ultimum
849 433 917 507 pari
947 451 1087 492 mensura

62 520 207 578 miscetur
230 520 260 577 et
282 536 376 594 usque
399 519 438 577 ad
461 521 652 579 saturitatem
675 519 846 579 sitientibus
869 520 966 579 datur.
1008 521 1144 591 Quo-12

62 626 180 684 cunque
204 609 306 667 autem
326 610 460 683 tempore
484 607 536 667 sed
558 610 687 667 maxime
710 611 833 684 aestate,
857 611 882 669 si
904 610 994 669 boves
1018 628 1086 670 con·

25 713 49 756 «r
63 699 196 756 uitentur
213 697 253 756 ad
269 700 475 770 cursum,.aut
493 697 578 757 alvus
597 716 700 756 eorum
721 697 762 757 ad
779 700 942 774 perniciem
960 700 1088 759 solvitur

61 788 117 845 aut
139 786 303 845 febriculae
325 789 557 845 commoventur.
598 787 717 846 Natura
744 789 824 846 enim
846 789 967 866 pigrum
990 790 1020 847 et
1042 789 1086 847 la·

61 876 130 934 bori
150 877 253 952 potius
277 894 368 951 quam
390 876 546 935 velocitati
567 876 793 936 accommodum
812 877 1004 937 vehementer
1025 878 1086 936 lae·

61 965 153 1039 dian,
184 964 276 1024 siad
295 983 369 1039 opus
393 968 518 1043 cogatur
538 967 699 1025 insuetum.
740 965 944 1026 Periculosum
966 986 1086 1042 quoque
1102 968 1142 1025 13

61 1056 116 1129 est,
139 1054 167 1113 si
189 1052 229 1111 ad
250 1055 408 1130 praesepia
435 1073 502 1114 sues
526 1057 579 1112 ant
606 1055 737 1131 gallinae
762 1057 960 1130 pervenerint.
1005 1056 1086 1114 Nam

25 1143 116 1203 ribos
140 1160 209 1201 cum
236 1143 368 1220 gallinae
396 1143 500 1202 fimum
529 1145 609 1203 inter
639 1144 751 1220 pabula
778 1146 951 1220 sumpserit,
980 1146 1086 1205 statim

61 1233 157 1292 nimio
181 1233 294 1291 ventris
325 1232 426 1291 dolore
455 1235 613 1309 torquetur
641 1233 823 1308 inflatusque
850 1235 985 1294 moritur.
1028 1232 1087 1292 Oui

60 1322 119 1381 hac
141 1322 259 1380 ratione
287 1321 420 1381 succurri
442 1324 595 1382 convenit:
622 1322 688 1397 apii
713 1323 835 1382 seminis
862 1341 928 1381 une.
947 1322 995 1381 III
1018 1342 1086 1382 oum
1183 1335 1186 1343 ·

60 1410 128 1469 vini
149 1411 222 1469 sext.
242 1429 264 1469 s.
284 1412 315 1468 et
332 1409 364 1468 Π
386 1410 438 1469 lib.
461 1411 559 1470 mellis
578 1412 750 1471 commisces
770 1415 801 1470 et
822 1412 958 1488 tepidum
981 1431 1034 1488 per
1053 1431 1085 1472 os

60 1499 209 1559 diffundes
227 1503 263 1558 'ac
275 1502 340 1558 tam
361 1499 413 1558 diu
432 1499 584 1559 ambulare
603 1500 758 1577 compellis
778 1504 808 1559 et
826 1502 972 1561 confricas
990 1503 1085 1560 mani·

24 1607 47 1646 u
60 1589 118 1649 bus
136 1588 344 1665 plurimorum,
363 1589 455 1648 donec
473 1592 608 1648 ventrem
627 1591 711 1666 potio
728 1592 857 1649 moveat.
895 1589 994 1667 Gypbi
1012 1592 1142 1666 quo-14

61 1697 120 1754 que
143 1695 212 1738 cum
239 1677 309 1736 rino
333 1678 465 1737 deterere
494 1682 525 1737 et
554 1698 608 1755 per
635 1698 668 1739 os
691 1679 762 1738 <lare
793 1679 924 1739 creditur
953 1681 1085 1739 salutare

60 1767 235 1826 remedium.
280 1766 433 1826 Lixivium
462 1786 580 1844 quoque
608 1786 644 1826 ex
674 1768 778 1828 arbore
808 1769 883 1828 ulmi
912 1770 961 1828 vel
988 1771 1084 1829 cuius·

61 1871 178 1932 cunque
207 1856 322 1934 generis
349 1856 426 1934 ligni
454 1858 595 1931 cinerem,
626 1857 786 1918 dummodo
815 1857 890 1917 bene
913 1860 1084 1934 cribratum,

61 1966 130 2006 cnm
153 1945 219 2005 oleo
246 1947 369 2005 miscere
397 1948 428 2005 et
449 1946 600 2022 liquidum
628 1965 663 2005 ac
684 1947 821 2023 tepidum
845 1948 1009 2007 diffundere
1032 1968 1086 2024 per

23 2052 49 2092 ro
62 2036 163 2095 fauces
194 2035 335 2094 adversus
364 2037 477 2094 stercus
507 2036 658 2111 pullinum
682 2037 846 2112 plurimum
875 2037 1004 2113 prodest.
1040 2036 1084 2095 si
1100 2037 1140 2095 15

61 2126 164 2184 autem
185 2125 342 2200 porcinum
370 2127 483 2185 stercus
510 2123 563 2185 bos
586 2125 789 2199 devoraverit,
816 2127 921 2184 statim
943 2125 1085 2202 pestilen-

60 2215 136 2273 tiam
167 2215 356 2291 contagionis
389 2213 473 2274 illius
501 2213 592 2273 maloi
626 2216 755 2273 sustinet
784 2214 888 2273 morbi.
931 2213 989 2283 Qui
1016 2233 1084 2273 oum

61 2301 153 2362 semel
174 2304 208 2361 in
231 2321 351 2381 gregem
369 2303 418 2362 vel
435 2307 640 2362 armentorum
659 2304 707 2362 vel
731 2302 912 2362 domitorum
929 2304 1085 2363 incesserit

60 2392 271 2465 iumentorum,
295 2392 399 2451 statim
417 2392 517 2452 omnia
536 2393 689 2466 animalia,
713 2411 789 2468 quae
808 2393 856 2451 vel
873 2393 971 2451 levem
988 2394 1084 2469 suspi-

62 2639 112 2688 149
133 2567 154 2687 ³5
170 2558 228 2615 001.
244 2561 281 2615 vr
300 2567 325 2630 s,
342 2569 364 2616 1.
453 2569 485 2616 11
506 2561 541 2616 cf.
555 2561 626 2632 reg.
641 2562 667 2615 u
686 2567 747 2630 149,
762 2568 786 2616 2.
871 2568 903 2616 15
923 2562 958 2617 ef.
973 2562 1042 2632 reg.
1057 2562 1084 2615 u

115 2677 122 2703 ‚
157 2676 163 2687 .

134 2784 149 2829 1
168 2775 301 2829 fastidiat
314 2776 355 2831 ai.
366 2794 411 2846 pr.
427 2777 505 2846 ΑΡΙ
522 2774 602 2830 cibus
616 2778 785 2847 aspergatur
798 2778 826 2832 P
837 2780 846 2847 ΙΙ
860 2783 876 2830 2
891 2776 970 2846 potio
984 2778 1025 2831 ed.
1038 2795 1082 2845 pr.

62 2850 89 2902 A
106 2847 224 2918 potione
238 2849 267 2902 P
278 2863 346 2903 corr.
363 2848 417 2903 Ool.
435 2850 440 2915 1
455 2847 519 2917 pari
533 2850 561 2903 P
575 2848 631 2903 Uol.
645 2865 696 2916 pro
714 2849 755 2903 ed.
770 2865 811 2917 pr.
831 2864 882 2917 per
898 2851 926 2903 A
939 2850 948 2918 ΙΙ
963 2854 978 2901 3
998 2849 1083 2903 satie·

60 2923 151 2974 tatem
169 2921 198 2974 P
218 2921 227 2988 l
250 2918 395 2973 6Natu1a
413 2919 520 2972 animal
538 2937 565 2989 p.
581 2921 609 2973 P
632 2922 637 2989 Ι
659 2920 756 2975 labore
774 2921 802 2975 A
822 2923 831 2990 ΙΙ
851 2925 868 2973 8
887 2939 914 2990 p.
934 2920 1083 2975 astatium

62 2994 89 3046 P
100 2994 109 3060 l
125 2996 142 3044 2
160 2991 328 3060 perveniunt
346 2993 374 3045 A
387 2993 397 3059 ΙΙ
413 2998 444 3045 11
464 2990 607 3059 inflatuaq.
624 2991 688 3060 ipsa
706 2990 777 3046 hora
794 2993 921 3057 moritur,
941 2992 966 3045 si
985 2992 1083 3045 statim

62 3063 115 3117 hac
139 3080 162 3116 r.
182 3077 239 3115 non
264 3062 402 3116 succurris
422 3064 450 3116 P
482 3065 492 3131 ΙΙ
527 3067 559 3115 12
587 3079 651 3115 cum
675 3062 734 3116 vini
754 3064 817 3117 llum
842 3064 881 3118 od
901 3064 958 3117 Pel.
977 3081 999 3117 c.
1020 3067 1082 3129 137,

61 3133 168 3188 cumini
184 3135 265 3204 culpo
278 3137 288 3204 ΙΙ
303 3139 336 3187 13
355 3135 384 3188 et
398 3132 508 3187 duabus
523 3135 551 3188 A
570 3150 635 3187 cum
653 3134 763 3188 duabus
777 3136 806 3189 P
822 3136 852 3189 et
870 3135 940 3188 duas
958 3135 998 3189 ed.
1009 3152 1054 3204 pr.
1077 3136 1080 3205 t

61 3206 148 3261 misce
167 3205 195 3259 P
223 3206 233 3275 fl
265 3211 300 3259 14
322 3204 455 3259 infundes
477 3206 518 3259 ed.
533 3222 580 3274 pr.
613 3208 618 3273 1
652 3205 820 3275 compellere
842 3208 871 3260 et
892 3205 1010 3259 fricetur
1030 3206 1079 3271 Pl

63 3283 95 3331 15
113 3276 191 3349 gisni
204 3277 245 3331 ed.
258 3294 301 3345 pr.
319 3277 347 3331 A
365 3275 662 3345 cyphi-remedium
679 3294 730 3331 om.
745 3278 794 3345 ΡΙΙ
809 3281 841 3330 17
861 3276 905 3331 vel
919 3292 954 3331 ex
972 3293 995 3329 c.
1010 3275 1082 3345 ligni

61 3349 154 3404 cinere
169 3350 198 3403 P
217 3350 226 3418 ΙΙ
251 3354 284 3402 18
303 3347 457 3402 cribratum
471 3349 499 3402 P
516 3352 627 3402 coctum
643 3349 682 3403 ed.
694 3365 739 3417 pr.
754 3351 782 3403 A
795 3350 804 3417 ΙΙ
820 3354 853 3401 19
872 3348 990 3401 mixtum
1010 3350 1039 3401 et
1053 3389 1082 3401 ..

61 3420 197 3475 diffirsum
215 3422 314 3474 contra
330 3422 364 3473 st.
375 3421 402 3474 P
414 3421 423 3490 ΙΙ
438 3424 472 3473 20
486 3418 627 3488 pullinum
645 3436 696 3474 om.
711 3420 752 3474 ecl.
758 3421 834 3488 prA
847 3422 856 3488 ΙΙ
871 3425 904 3473 21
919 3418 1082 3489 pestilentia

62 3490 237 3562 contangioli
254 3490 333 3546 illins
351 3490 448 3545 mallei
467 3492 496 3545 P
511 3489 598 3544 solius
621 3492 718 3560 edpr.
734 3492 832 3559 111124
852 3489 895 3543 vel
914 3506 964 3543 om.
984 3490 1025 3545 ad.
1036 3507 1081 3559 pr.

64 3566 89 3619 A
104 3566 109 3635 Ι
125 3581 202 3633 susp.
221 3562 347 3633 langoris
366 3564 394 3616 P
