2509 3892
171 181 249 239 XXII
572 180 614 235 be
634 179 784 235 codicibus.

172 351 260 412 initio
282 348 353 411 libri
370 348 416 407 III
438 348 487 409 vel
505 349 606 425 potius
629 350 698 425 post
719 347 770 407 lib.
789 347 821 407 H
843 366 907 425 cup.
927 347 984 406 65:
1006 348 1071 407 iure
1093 347 1202 426 igibus

172 437 217 497 ed.
236 457 279 513 pr.
298 437 355 496 huc
374 438 565 499 adnectimus.
605 437 650 496 At
666 437 758 498 codex
775 437 827 496 ille
845 437 917 497 licet
933 437 1090 512 peimultie
1112 437 1200 498 locis

172 546 240 589 cum
252 526 401 588 codicibus
415 526 540 586 servetis
553 527 730 600 consentiet,
747 529 849 586 tmen
867 543 927 585 non
945 543 1044 603 peuce
1056 525 1200 586 habebat

172 614 344 694 singuluiu,
366 616 451 676 velut

237 704 330 781 praef.
349 701 408 780 §3
433 705 534 763 omisit
556 706 643 778 quaec*
664 704 705 762 ad
727 704 905 764 ooceeeeoe
922 705 1067 773 meteret,

239 795 257 853 5
281 793 373 855 hebet
394 797 447 853 cett
471 794 647 853 domcocom
671 796 850 853 emacem
877 793 956 862 diet,
983 794 1003 852 6
1027 795 1062 853 in
1087 794 1201 854 ωωωὶἰίς

167 884 343 958 plurmtsq,
366 883 385 941 8
409 882 442 941 in
463 900 552 942 versu
573 881 690 958 Vergili
716 883 937 956 mortemue
959 886 986 941 ct
1007 898 1126 952 caueae,
1149 882 1197 943 ib.

169 974 286 1033 vacabit
308 971 388 1048 quod
410 974 456 1032 est
477 989 540 1031 ver.
558 971 625 1031 lect
644 973 676 1029 in
698 970 773 1030 Fet
790 971 822 1029 P.

238 1065 266 1136 1,
287 1065 315 1136 1,
335 1063 353 1119 2
373 1060 488 1120 omisit:
522 1063 643 1135 gravior
673 1057 722 1135 [os
754 1077 891 1134 acpccm
910 1058 1108 1135 amm]
1144 1063 1199 1121 in·

169 1168 264 1210 cessus
286 1151 357 1223 ipse.

236 1239 304 1314 2,ss
328 1238 410 1299 solus
432 1235 524 1297 hebet
546 1240 710 1297 extremum
732 1238 921 1297 enuntiatum
943 1256 997 1297 suo
1019 1237 1085 1298 leco
1108 1239 1197 1315 poei-

168 1330 246 1387 tum:
269 1326 384 1387 codices
406 1325 518 1385 hebent
540 1325 572 1385 in
593 1326 652 1385 fine
674 1326 781 1402 cepitis
804 1328 962 1403 sequentis.

224 1418 266 1492 21,
285 1416 375 1490 45,5
400 1416 480 1477 solus
506 1415 598 1475 hebet
624 1415 823 1491 medicamen,
853 1418 883 1474 et
913 1433 989 1492 quae
1019 1420 1196 1492 sequuntur

168 1508 238 1581 post
262 1506 290 1579 3,
311 1505 362 1579 28,
382 1506 423 1563 29
448 1496 482 1586 (ἐ
502 1505 544 1564 30
567 1506 598 1563 et
622 1497 688 1585 31).

236 1592 311 1655 (ium
333 1593 396 1653 cod.
414 1592 443 1651 A
466 1594 613 1653 consentit
635 1593 717 1653 haud
738 1611 816 1668 raro,
838 1594 935 1653 velut:

237 1685 266 1759 1,
286 1683 337 1756 16,
358 1685 375 1742 7
400 1683 458 1743 soli
474 1681 586 1741 hebent
598 1683 700 1756 pulit.
717 1685 910 1742 morimitur.
953 1684 982 1756 1,
1003 1684 1053 1757 17,
1073 1683 1093 1742 3
1113 1685 1194 1744 alio·

168 1790 236 1832 rum
254 1772 431 1832 animalium
449 1762 534 1852 (ahie
547 1789 575 1830 ω.
594 1763 678 1853 cett.)
716 1775 745 1845 1,
760 1774 811 1846 19,
826 1772 845 1829 3
863 1775 991 1832 mentam
1008 1773 1149 1832 inserunt
1162 1774 1193 1833 Δ

169 1862 199 1920 et
217 1860 261 1921 ed.
280 1881 324 1937 pr.
370 1863 398 1935 2,
418 1861 459 1919 37
483 1877 572 1922 cruca
593 1879 648 1936 pro
671 1865 740 1921 ruta
763 1857 824 1919 At
842 1863 872 1919 et
890 1859 935 1919 ed.
953 1880 999 1937 pr.

236 1952 265 2024 2,
286 1951 336 2023 71,
356 1952 375 2009 3
400 1948 501 2009 omisit
523 1948 567 2009 ed.
590 1968 635 2025 pr.
658 1968 726 2009 cum
748 1946 808 2009 AG
830 1948 922 2008 verbe
948 1951 1031 2009 uncie
1055 1951 1191 2028 melun,

168 2037 251 2099 deest
267 2037 500 2117 pruefetioilibr.
515 2037 559 2097 IV
575 2034 661 2098 Geen
676 2039 711 2097 ut
728 2040 762 2097 in
779 2036 840 2097 AG
857 2039 901 2099 eie
919 2039 1012 2098 etiem
1028 2040 1062 2098 in
1080 2038 1125 2098 ei
1140 2060 1189 2116 pr.

234 2215 429 2293 Quotcunque
443 2215 539 2277 adhuc
552 2217 748 2276 tractavimus
762 2214 877 2276 codioee
891 2216 1014 2292 plenum
1025 2215 1189 2294 vegetium

168 2305 360 2367 continebunt
377 2306 426 2367 uel
444 2306 625 2366 continuisse
643 2306 758 2365 certum
775 2307 833 2364 eet:
856 2307 927 2365 eunt
944 2306 1037 2364 'etiem
1059 2306 1114 2364 elii
1132 2309 1189 2383 qui

167 2393 275 2474 Vegeti
304 2395 564 2455 mulomedicinum
587 2396 722 2470 servent,
751 2395 797 2454 ite
825 2396 860 2452 ut
888 2394 985 2452 multe
1013 2395 1076 2454 eive
1104 2396 1188 2471 cepi·

166 2484 233 2544 tue
255 2485 317 2546 eive
339 2486 484 2545 tmemete
506 2485 662 2546 omittant:
686 2501 760 2560 quoe
778 2484 1012 2559 epitomatorum
1029 2485 1187 2544 nominare

166 2588 331 2649 possumus.
374 2572 450 2633 Sunt
472 2574 517 2632 hi:

129 2666 153 2721 P
236 2664 264 2719 1.
287 2661 445 2723 Perenne
470 2654 587 2743 70181)
614 2659 775 2722 membran.
799 2679 822 2721 ω.
842 2658 914 2719 XIV
936 2660 1014 2722 binis
1037 2661 1187 2723 columnis

167 2748 262 2811 nitide
289 2751 428 2810 exoratus
458 2751 549 2825 etque
578 2748 738 2827 diligenter
761 2747 848 2823 edeo,
877 2751 913 2809 ut
938 2749 1003 2810 loeo
1026 2750 1186 2811 verborum

166 2838 215 2897 vel
237 2838 408 2898 liternum
430 2856 507 2913 quae
529 2839 561 2897 in
585 2837 747 2914 exemplari
769 2856 829 2898 non
848 2841 989 2914 poterent
1011 2839 1080 2918 legi,
1102 2840 1187 2900 lecu·

165 2944 237 2986 nem
249 2926 410 3003 relinquet,
418 2927 502 2986 velut
517 2929 607 3001 1,17‚
619 2929 636 2987 1
653 2926 840 3000 (iracundiae
852 2930 1016 3002 inmutato
1029 2933 1082 2988 aut
1089 2929 1185 3005 citio),

166 3014 204 3075 Pi
222 3015 396 3076 §remoue
413 3017 457 3089 ipe'
471 3060 589 3076 ......
604 3015 1184 3092 aoeeeo,1,17,12(eabtneelte.1,

166 3106 323 3179 bicagbiie
351 3100 416 3164 u‘c‘ec.
442 3104 506 3165 ΙΙΙ
527 3106 726 3174 combreto),
755 3104 792 3165 P:
821 3106 923 3166 sabim
949 3110 961 3164 t
975 3146 1094 3166 ......
1109 3097 1184 3188 Ι.

167 3197 324 3253 centaurea.
364 3198 392 3268 1,
408 3194 459 3268 26,
478 3192 556 3267 4(se
564 3196 668 3269 possit.
682 3196 713 3254 hi
722 3194 872 3268 place..)
886 3193 923 3253 P:
936 3197 1039 3269 possit.
1053 3197 1183 3255 bc...

165 3299 246 3357 cane,
260 3281 301 3342 V:
319 3284 371 3342 boc
384 3283 469 3342 modo
482 3300 563 3352 saec,
577 3286 607 3343 et
617 3284 678 3343 elie
690 3284 794 3343 multe.
818 3282 869 3341 fol.
882 3285 914 3341 1¹
926 3285 960 3342 in
972 3286 1032 3343 imo
1047 3286 1184 3362 margine

239 3490 264 3557 1)
282 3486 315 3542 In
334 3488 426 3543 eubulo
477 3487 549 3543 fuleo
564 3487 616 3543 enb
634 3506 661 3543 n.
677 3492 746 3542 7017
766 3489 950 3553 enumeretur,
970 3488 1019 3556 qni
1033 3488 1122 3545 codex
1139 3491 1185 3545 eet

166 3558 311 3619 Lomente'i
330 3559 412 3617 Rucii
427 3504 617 3630 ffippictrico.
