2509 3892
604 116 739 172 VEGETI

472 370 507 435 V.
529 370 580 436 De
602 371 731 436 indietis
753 371 873 436 aetatu.

55 493 187 591 fflggffi
246 501 386 561 Aetatem
420 520 537 577 quoque
574 503 775 560 iumentorum
812 520 847 560 ex
880 481 1039 561 dentibus·
1055 502 1172 577 aliisque

201 592 295 670 signis
318 594 437 668 oportet
464 592 599 668 agnosci,
625 609 664 649 ne
691 591 739 650 vel
767 592 897 650 ementes
924 609 979 667 per
1000 591 1173 667 imperitiam

164 681 321 742 subeamus
338 680 560 740 inoommodum
576 681 627 739 vel
645 681 782 739 curantes
806 680 922 757 aegroti
939 680 1079 740 animalis
1099 679 1173 758 igno·

164 790 263 832 remus
286 772 430 845 aetatem,
460 770 531 844 quia
559 771 637 828 siout
664 769 835 829 hominibus
861 771 908 829 ita
937 771 968 828 et
992 771 1078 845 equis
1100 769 1173 828 aliud
1195 787 1204 827 s

166 862 318 934 convenit,
346 877 414 918 oum
436 860 560 918 iuventa
589 860 662 919 sunt
683 858 804 934 fervidi,
828 858 912 918 aliud
941 877 1009 918 oum
1032 861 1173 920 senectute

131 949 227 1009 liam
255 949 368 1028 frigidi
418 948 613 1008 Manifestum
649 950 695 1007 est
727 951 828 1007 autem
857 951 945 1008 notas
977 949 1087 1008 aetatis
1115 966 1173 1007 eum

165 1057 288 1115 eorpore
310 1039 431 1096 mutari.
476 1037 572 1097 Pullis
595 1038 675 1096 enim
692 1037 781 1096 bimis
800 1039 832 1096 et
853 1055 905 1097 sex
922 1039 1070 1097 mensium
1092 1036 1174 1096 medii

165 1128 267 1187 dentes
299 1128 466 1202 superiores
499 1126 622 1201 eadunt,
653 1144 727 1201 quos
755 1126 905 1186 laetantes
936 1130 1054 1187 vooant
1108 1125 1173 1185 Gom

166 1220 267 1278 autem
289 1218 431 1293 quartum
458 1234 571 1273 annum
599 1234 686 1294 agore
710 1217 875 1292 coeperint,
903 1215 1107 1277 desidentibus
1128 1216 1209 1291 quiio

132 1306 266 1367 beanini
294 1305 485 1381 appellantur
512 1306 588 1364 alios
615 1307 802 1382 supponunt3
829 1304 936 1364 deinde
958 1307 1042 1365 intra
1068 1307 1175 1365 sextum

166 1415 279 1455 annum
300 1395 428 1454 molares
452 1393 576 1469 oadunt3
604 1396 686 1453 serto
715 1413 794 1453 anno
823 1413 896 1469 quos
923 1396 1022 1470 primo
1045 1396 1176 1468 mutavit,
1250 1377 1251 1436 Ῑ

166 1488 324 1561 exaequat3
355 1484 482 1559 septimo
511 1502 612 1543 omnes
636 1483 735 1559 explet
762 1484 942 1559 aequaliter,
965 1485 996 1542 et
1019 1502 1055 1542 ex
1079 1503 1114 1543 eo
1135 1501 1176 1542 ea·

165 1577 252 1634 vatos
274 1572 385 1632 habere
407 1572 515 1648 inoipit
538 1572 641 1631 dentes
663 1590 718 1631 neo
739 1575 844 1649 postea
873 1575 947 1648 quot
970 1591 1119 1632 annorum
1138 1576 1178 1632 est

166 1665 236 1723 seiri
259 1663 297 1721 ad
320 1661 410 1720 fidem
432 1663 532 1737 potest
558 1661 616 1721 nisi
639 1661 733 1739 signis
756 1662 837 1734 aliis,
862 1680 938 1737 quae
960 1679 1033 1721 usus
1057 1662 1211 1722 edomitis

166 1752 288 1811 Decimo
312 1768 442 1826 namque
460 1769 543 1810 anno
570 1753 707 1827 tempora
735 1752 837 1810 oavari
855 1750 1007 1826 inoipiunt
1030 1754 1061 1810 et
1084 1770 1178 1829 super-

114 1835 121 1860 ⁶
166 1841 237 1900 eilia
258 1859 472 1915 nonnunquam
491 1858 652 1899 oanesoere.
697 1839 881 1900 Duodeoimo
904 1859 982 1899 anno
1005 1839 1131 1919 nigredo
1151 1843 1179 1899 in

131 1930 325 1990 Amedietate
348 1929 484 1987 dentium
507 1931 640 2006 apparet.
685 1927 825 2004 Plerique
846 1932 985 1989 asserunt
1010 1930 1133 1991 domitis
1154 1933 1180 1989 et

166 2021 250 2078 freno
274 2019 401 2078 assuetis
420 2018 600 2077 animalibus
618 2037 719 2096 rugas,
742 2020 869 2093 quaein
891 2018 984 2077 labris
1005 2022 1078 2077 sunt
1101 2038 1178 2097 supe·

166 2108 306 2184 rioribus,
330 2107 545 2183 computandas
568 2107 622 2182 ita,
644 2110 680 2165 ut
702 2108 740 2166 ab
759 2108 879 2185 angulo,
901 2106 954 2165 ubi
974 2109 1087 2185 incipit
1108 2127 1178 2167 mor·
1190 2125 1214 2165 ao

241 2301 255 2349 1
274 2294 332 2351 Pel.
348 2312 371 2350 e.
387 2303 401 2349 1
422 2295 458 2349 ol.
473 2293 531 2349 001.
545 2294 585 2349 VI
598 2300 643 2362 29,
657 2300 682 2349 4.

166 2409 381 2417 ----

241 2476 311 2530 lde
327 2474 348 2528 i.
368 2477 398 2530 et
414 2475 509 2528 aetate
529 2490 666 2542 equorum
682 2473 723 2527 ed.
734 2490 779 2542 pr.
794 2475 823 2528 A
836 2475 875 2543 113
894 2489 947 2528 neo
960 2472 1006 2528 vel
1025 2473 1182 2529 ementisL

166 2564 203 2602 ne
225 2546 412 2630 velamentis
435 2544 596 2627 imperitiae
619 2544 660 2599 ed.
675 2563 724 2627 pr..
737 2546 765 2601 A
800 2547 809 2613 ΙΙ
845 2545 1125 2629 taegmtantis'ed.
1141 2563 1181 2649 pr

168 2634 210 2672 ae.
227 2617 365 2701 ⁸amrnelrs
384 2619 412 2674 A
438 2618 547 2686 aegroti
566 2619 593 2672 P
617 2617 740 2686 aegrotus
762 2615 932 2670 ammal1bus
955 2617 983 2671 L
1005 2633 1037 2670 -a
1050 2633 1094 2671 -1a
1114 2618 1141 2674 L
1175 2657 1177 2687 ,

168 2730 184 2778 6
204 2707 268 2778 edm
277 2723 384 2779 inventi
399 2723 479 2778 s.f.L
488 2740 541 2777 oon
551 2722 671 2778 vivenda
685 2724 714 2777 et
727 2722 866 2777 ferventia
875 2725 941 2777 sunt
951 2723 1184 2779 Poumiumeuta
1250 2737 1251 2764 i

168 2798 234 2850 sune
251 2794 361 2849 fervida
380 2796 420 2850 ea
431 2813 476 2864 pr.
492 2797 520 2849 A
536 2799 540 2862 i
557 2811 621 2849 oum
638 2794 669 2847 in
688 2809 745 2848 sen.
761 2796 789 2850 P
809 2797 818 2863 ι(
842 2800 856 2847 r
876 2796 959 2849 notas
978 2795 1106 2864 eorporis
1124 2813 1184 2850 oum

169 2869 264 2922 aetate
286 2867 363 2922 codd.
378 2884 447 2922 corr.
463 2868 651 2938 Morpagaius
668 2868 702 2935 ef.
722 2867 779 2921 Pel.
807 2868 816 2935 ΙΙ
844 2870 860 2920 8
879 2865 991 2920 biennis
1015 2865 1139 2922 duorum
1158 2869 1185 2922 et
1250 2885 1251 2940 ;

168 2938 255 2993 trium
273 2957 310 2992 m.
325 2940 371 3007 ΡΙ
387 2954 421 2992 ex
444 2941 517 3008 (seor.
538 2940 596 3007 sex)
615 2954 744 2992 mensum
762 2937 789 2990 L
810 2940 814 3007 Ι
834 2937 936 2991 mediis
954 2939 982 2993 L
1004 2940 1014 3008 ΙΙ
1037 2942 1073 2992 10
1092 2953 1185 3010 gerere

168 3009 536 3149 {ripastiiffffiiffi
554 3008 943 3136 deditqulldtilaitd
956 3015 1011 3152 12¹¹„
1028 3011 1185 3136 leuitt

168 3098 398 3222 Psbbprmopd
417 3151 532 3220 aequati
557 3154 624 3206 sunt
649 3153 678 3206 et
701 3151 844 3221 incipiunt
867 3150 975 3217 cavari,
1000 3154 1103 3221 postea
1124 3169 1184 3208 vero

170 3226 239 3292 quot
258 3240 283 3278 a.
303 3223 340 3277 sit
358 3239 414 3276 non
428 3225 524 3294 potest
541 3240 592 3292 pro
607 3226 684 3277 certo
698 3223 764 3276 seiri
782 3223 838 3277 nisi
851 3239 902 3293 per
916 3223 999 3293 signa
1016 3223 1075 3277 alia
1088 3227 1098 3294 ΙΙ
1113 3231 1145 3278 13
1161 3225 1186 3278 et

169 3311 220 3350 om.
235 3296 262 3351 L
295 3295 299 3366 l
336 3297 434 3348 cautos
453 3294 481 3348 L
509 3297 519 3363 ΙΙ
552 3299 585 3348 14
604 3293 747 3363 incipiunt
764 3296 804 3349 ed.
816 3312 861 3365 pr.
875 3296 937 3349 AP
964 3295 968 3368 Ι
997 3297 1112 3364 quota.
1132 3295 1186 3350 sint

169 3366 210 3420 ed.
222 3384 267 3434 pr.
282 3365 415 3434 sitAPss
430 3369 463 3418 15
483 3365 554 3419 seire
568 3366 605 3419 ad
623 3365 643 3419 f.
658 3366 752 3420 nullus
766 3367 862 3436 potest
877 3367 919 3421 ed.
931 3382 977 3435 pr.
996 3383 1095 3422 secure
1114 3368 1151 3421 ad
1167 3365 1184 3418 f.

169 3436 1185 3508 1101111111(101111ΑΡ11160111111111111111101101.1112000111-

169 3507 265 3575 putari
283 3508 329 3577 ΡΙ
345 3506 449 3577 angulo
468 3523 502 3560 ex
512 3521 550 3559 ··a
568 3506 596 3560 L
611 3510 615 3576 1
632 3508 739 3578 accipit
756 3511 814 3564 PL
825 3526 869 3578 pr.
881 3509 1011 3579 eoeperit
1024 3512 1053 3565 A
