2509 3892
192 195 256 259 102
630 193 764 249 vasam
801 219 803 223 Α

190 366 315 439 quanter
333 363 462 422 offendet
484 364 515 421 et
536 364 601 421 toto
620 382 652 422 se
670 380 792 439 corpore
811 364 984 422 commovet.
1032 358 1119 420 Cuius
1141 360 1192 417 ista

190 454 305 512 curatio
335 453 393 511 est:
424 452 512 511 bacas
535 453 616 510 lauri
638 472 666 510 n.
689 452 752 527 XX,
775 451 849 510 nitri
878 451 970 525 selib,
994 452 1080 509 rutae
1107 449 1193 507 mani·

189 541 305 617 pulum:
334 560 409 616 quae
433 542 532 599 omnia
560 541 718 618 diligenter
748 540 834 614 trita,
862 558 930 599 cum
952 540 1037 599 aceto
1059 557 1119 597 non
1140 538 1194 596 acri

189 633 220 690 et
238 631 303 689 oleo
321 630 433 706 optimo
452 648 572 689 rosaceo
586 631 746 689 commixta
763 629 859 687 hieme
874 628 1028 688 calefacies
1046 628 1193 704 peruncto·

189 739 246 794 que
269 720 333 778 oleo
359 722 457 794 capite
486 719 548 777 eius
579 721 610 777 et
637 718 754 777 cerebro
778 719 826 777 vel
856 717 997 777 auriculis
1026 715 1223 776 cerebellares

156 808 225 866 ide
248 809 351 867 lanata
373 809 450 883 pelle
478 808 638 867 convolvis.
684 806 765 876 Quae
793 808 819 865 si
841 806 919 865 forte
941 806 1104 879 defuerint,
1132 805 1194 862 fari·

189 916 260 956 nam
281 897 474 956 hordeaceam
497 898 684 972 resinamque
707 895 854 971 miscebis,
879 914 914 953 ex
937 914 995 970 quo
1018 895 1205 971 cataplasma·

189 986 355 1045 confectum
379 985 496 1045 cerebro
519 987 637 1062 oportet
663 986 785 1061 imponi.
830 984 989 1043 Praeterea
1017 1002 1116 1043 ceram
1138 982 1194 1042 oleo

189 1077 311 1150 cyprino
335 1074 490 1152 coniungis
514 1077 543 1133 et
565 1074 688 1133 linteolo
711 1074 790 1132 inter
808 1073 958 1133 auriculas
982 1073 1020 1131 ad
1043 1074 1136 1132 ceroti
1155 1073 1194 1129 in·

154 1167 251 1222 3star
280 1164 416 1239 imponis.
463 1162 520 1222 Sed
551 1166 581 1222 et
609 1164 759 1238 reliquum
790 1181 896 1239 corpus
925 1161 1099 1240 potionibus
1128 1161 1222 1220 raico

188 1253 317 1311 vendum
340 1257 397 1311 est:
426 1254 486 1311 tres
508 1252 669 1311 fluviatiles
693 1270 812 1311 cancros
836 1254 968 1311 conteres
991 1251 1150 1328 diligenter
1170 1250 1194 1306 et

189 1360 255 1398 oum
285 1341 398 1400 duabus
428 1342 523 1400 unciis
550 1343 615 1400 suci
644 1341 787 1415 caulium,
817 1340 920 1399 addito
950 1342 1037 1399 lactis
1065 1339 1193 1410 sextario,

188 1431 246 1489 olei
265 1430 379 1490 duobus
398 1431 523 1506 cyathis,
540 1430 730 1507 permiscebis
749 1433 779 1488 et
797 1431 928 1488 colatum
941 1448 995 1505 per
1009 1448 1041 1488 os
1056 1427 1193 1488 diffrmdes

187 1519 227 1577 ad
250 1538 349 1578 cornu.
392 1518 523 1588 Quorum
541 1521 567 1579 si
585 1519 687 1594 inopia
706 1521 758 1593 est,
781 1519 878 1577 mellis
898 1517 1021 1594 cyathos
1044 1518 1084 1594 H,
1109 1533 1192 1593 aquae

188 1609 302 1667 calidae
326 1611 397 1668 sext.
416 1608 440 1681 I,
468 1611 545 1667 croci
568 1607 751 1683 cyathuml,
775 1607 871 1684 adipis
894 1606 980 1666 lib.I
1003 1609 1138 1682 coquito,
1165 1622 1220 1663 exo

188 1697 295 1772 quibus
319 1698 455 1773 pastillos
478 1697 568 1756 facies
592 1698 678 1755 etin
705 1715 783 1771 aqua
810 1696 922 1774 frigida
945 1695 1041 1755 diluas
1065 1699 1097 1756 et
1119 1693 1192 1754 dabis

188 1789 220 1844 in
243 1789 355 1862 potum.
401 1785 556 1844 Praeterea
575 1787 602 1845 si
623 1785 720 1844 hieme
743 1785 868 1860 curabis,
891 1786 1021 1844 farinam
1044 1786 1193 1853 usticam

122 1946 125 1951 Ι
187 1878 215 1934 si
233 1877 355 1951 aestate,
373 1875 566 1934 hordeaceam
584 1892 679 1950 aquae
697 1873 825 1952 frigidae
844 1873 1011 1933 adinvicem
1030 1876 1124 1950 amyli
1136 1890 1193 1950 per·

187 1965 312 2023 mixtam
334 1965 367 2021 in
389 1964 509 2040 potione
531 1963 695 2040 praebebis.

478 2188 573 2254 VIII.
597 2189 648 2254 De
670 2190 781 2272 capitis
804 2188 913 2254 dolore.
1202 2207 1219 2246 a

107 2329 241 2371 mesm-
287 2320 331 2378 De
346 2319 453 2395 capitis
464 2318 564 2378 dolore
573 2320 663 2377 multi
677 2323 811 2378 auctores
821 2319 917 2377 multa
931 2317 1077 2377 dixerunt.
1112 2315 1191 2375 Cuius

181 2409 259 2467 haec
282 2411 352 2467 sunt
381 2409 480 2485 signa:
509 2411 608 2466 tumor
636 2409 713 2466 circa
737 2408 839 2466 oculos
862 2406 1032 2483 apparebit,
1060 2406 1193 2483 pabulum

187 2497 347 2570 recusabit,
378 2497 482 2575 lingua
519 2498 581 2555 cius
618 2499 648 2555 et
679 2497 814 2572 palatum
851 2496 990 2571 labiaque
1028 2494 1191 2573 turgebant

259 2690 275 2736 6
295 2682 367 2736 Chir.
388 2700 410 2735 c.
430 2689 482 2736 264
501 2683 535 2737 cf.
550 2683 608 2737 Pel.
628 2701 650 2738 c.
667 2691 708 2738 51.
827 2690 861 2739 14
880 2683 953 2738 Chir.
974 2700 997 2737 c.
1019 2688 1071 2737 265
1090 2682 1124 2736 cf.
1143 2677 1191 2734 Pel.

189 2772 211 2807 c.
227 2759 269 2820 51,
285 2760 327 2807 53.
404 2758 436 2806 21
458 2751 530 2807 Chir.
545 2771 569 2807 c.
585 2759 636 2808 268
656 2756 785 2826 (Farnax)
804 2761 856 2811 266
876 2755 1042 2826 (Absyrtus).

262 2937 276 2985 1
296 2932 352 2984 ista
371 2948 421 2984 om.
437 2933 463 2985 A
477 2934 515 2999 112
535 2930 583 2985 lib.
600 2933 657 2985 Pez.
676 2934 686 3000 ΙΙ
705 2938 720 2985 3
741 2949 804 2986 acro
823 2935 862 2988 ed.
875 2951 919 3003 pr.
935 2935 996 2988 ΑΡ
1012 2950 1076 2986 cum
1094 2948 1118 2985 a.
1137 2941 1192 2982 acro

190 3004 262 3057 cair.
277 3005 286 3071 ΙΙ
301 3006 317 3055 4
331 3018 409 3057 roseo
420 3004 448 3057 P
461 3004 533 3058 cair.
543 3002 654 3057 laurino
664 3004 722 3058 Pel.
737 3007 746 3072 ΙΙ
760 3011 776 3057 5
791 3004 959 3058 cerebellum
968 3005 1039 3075 ooly.
1055 3006 1064 3074 ll
1078 2999 1193 3056 blavate

188 3075 228 3128 cd.
239 3091 284 3143 pr.
299 3076 338 3143 118
358 3073 506 3128 confestim
524 3076 552 3129 P
566 3076 570 3144 l
586 3074 655 3144 poni
673 3076 701 3128 A
722 3076 726 3144 l
746 3077 892 3144 praeterea
911 3092 968 3144 aeq.
987 3076 1025 3129 ad
1042 3077 1124 3143 finem
1139 3085 1191 3138 cap·

187 3162 239 3200 om.
255 3147 283 3199 P
302 3146 312 3214 ΙΙ
335 3149 350 3197 9
371 3161 501 3199 ceronum
520 3147 547 3200 A
569 3148 579 3215 ΙΙ
602 3151 636 3199 10
655 3144 765 3213 reliqua
783 3148 811 3200 A
833 3148 842 3215 ΙΙ
874 3152 965 3200 1a1c
984 3138 1193 3200 duabus-olei

188 3233 238 3271 ora.
255 3217 282 3270 A
296 3216 357 3271 iure
372 3216 495 3271 caulium
508 3234 602 3288 marco
618 3216 680 3287 (3²11
695 3222 728 3271 13
747 3216 882 3271 diffundis
897 3219 924 3272 A
937 3220 947 3287 ΙΙ
962 3223 994 3271 16
1014 3217 1088 3272 croci
1097 3213 1141 3270 al
1153 3210 1191 3265 sd.

188 3287 237 3341 lib.
252 3287 266 3339 I
284 3289 312 3342 A
326 3288 400 3342 coar.
420 3305 456 3341 cr.
477 3289 559 3357 scrip.
580 3288 639 3357 apii
663 3288 777 3342 seminis
800 3288 882 3358 scrip.
897 3289 923 3342 II
942 3290 998 3343 Pel.
1013 3306 1063 3343 om.
1083 3288 1122 3343 ed.
1132 3301 1172 3354 pr.
1184 3281 1191 3362 l,

190 3363 222 3411 17
243 3358 386 3482 gnssavffiis
400 3359 440 3412 ed.
452 3376 496 3426 pr.
515 3362 525 3428 11
547 3364 579 3412 18
594 3359 685 3412 adinv.
701 3376 751 3413 ora.
765 3360 792 3413 A
817 3362 821 3429 Ι
847 3359 947 3413 emulis
966 3355 1169 3429 permixtumA
1189 3387 1191 3400 ι

191 3434 223 3482 19
262 3443 279 3481 a
300 3446 324 3481 rs

187 3569 207 3621 b
247 3505 348 3624 taldus.
363 3502 471 3553 veteres
485 3518 520 3552 m.
537 3500 563 3551 d.
579 3501 674 3567 Ρ1123
694 3501 848 3569 turgebant
862 3503 890 3556 P
906 3500 1055 3571 tingebunt
1069 3502 1098 3554 A
1113 3501 1192 3552 tuma

208 3586 247 3622 un
277 3587 291 3623 e
312 3588 373 3637 .pr.
