2509 3892
411 183 551 238 1111011.
570 155 604 238 11*
615 190 720 239 11-11
1012 188 1076 251 129

14 271 16 302 Ι

69 355 181 431 granati
207 356 237 412 et
263 353 352 411 melle
382 353 473 410 tertia
503 351 550 410 die
579 352 746 412 diutissime
776 355 951 429 confricate,
983 355 1077 414 donec

15 455 19 468 ⁶
77 447 163 519 egesta
184 442 266 501 sanie
285 441 481 500 convalescat.
527 439 614 510 Quod
632 444 740 516 evenit,
763 460 830 500 cnm
849 443 958 502 humor
981 446 1077 503 acrior

77 549 106 588 ex
124 533 216 606 capite
238 531 272 588 in
294 529 486 588 maxillarum
508 529 665 589 defluxerit
687 548 785 589 venae.

335 735 513 800 XXXIII.
536 736 586 801 De
608 757 673 802 osse
691 739 801 820 fracto.

56 883 66 922 s
133 866 240 936 Quodsi
258 867 370 926 animal
384 865 469 924 iuxta
484 866 594 925 collum
608 867 657 924 vel
670 867 797 925 molares
810 867 860 924 vel
874 866 934 926 alio
949 868 1009 926 oris
1037 879 1185 921 messem.

16 971 17 982 ¹
76 955 131 1014 loeo
148 975 178 1016 os
196 957 329 1033 fregerit,
351 957 387 1012 ut
405 971 537 1013 morsum
555 955 692 1013 claudere
715 973 775 1013 non
793 954 889 1030 possit
912 957 943 1013 et
965 958 1077 1031 apertis

76 1043 199 1103 dentibus
229 1045 350 1104 horreat
383 1042 635 1119 propendentibus
669 1043 774 1118 labriS,
809 1044 949 1103 continuo
979 1044 1079 1119 calida

75 1134 238 1193 fomentabis
269 1135 300 1191 et
329 1132 446 1191 labrum
475 1134 506 1189 et
535 1150 611 1206 quae
644 1134 715 1190 sunt
750 1133 888 1208 disrupta
917 1135 1078 1208 componis.
1111 1159 1114 1164 ¹

75 1220 198 1281 Fesoiola
211 1222 388 1280 tenuissima
402 1222 485 1279 aceto
505 1222 535 1279 et
549 1221 614 1280 oleo
628 1221 797 1280 madefacta
811 1221 971 1298 diligenter
987 1241 1079 1280 unam

44 1327 64 1365 10
74 1312 180 1384 partem
208 1310 314 1369 deinde
342 1310 469 1369 alteram
496 1309 661 1387 compingis
694 1310 732 1369 ad
758 1311 857 1369 locum
884 1313 915 1369 et
942 1311 1080 1369 similiter

14 1393 16 1488 l
74 1398 196 1474 fasciato,
215 1417 253 1457 ne
267 1399 376 1457 iterum
390 1397 559 1473 dissipetur.
593 1397 649 1457 Oui
667 1400 697 1456 et
710 1399 870 1458 curcubam
888 1399 1113 1458 constrictam2

14 1495 16 1550 1
74 1491 183 1563 oportet
199 1487 322 1563 imponi,
341 1507 378 1546 ne
397 1486 540 1562 depravet
558 1486 661 1546 dentes
680 1490 710 1546 et
727 1487 820 1546 labra.
864 1485 938 1545 oum
956 1488 1079 1547 solveris

74 1576 108 1634 ad
128 1576 297 1650 curandum,
319 1595 411 1634 manu
429 1594 506 1651 quae
526 1578 595 1634 ante
618 1579 818 1652 composueris
837 1579 995 1651 continete,
1018 1577 1079 1635 fur·

14 1685 16 1752 ᾖ
74 1665 161 1724 turem
191 1668 221 1723 et
247 1666 378 1723 farinam
401 1664 505 1723 hordei
533 1666 628 1723 mixta
651 1666 684 1722 in
714 1665 807 1724 cofino
839 1665 876 1723 ad
899 1666 1079 1725 manducan·

15 1813 16 1816 Ἴ
43 1752 137 1812 isdum
159 1753 253 1828 dabis,
275 1754 321 1812 ita
343 1754 377 1811 ut
400 1752 544 1828 quamdiu
566 1753 736 1829 manducat,
759 1772 865 1813 manus
887 1756 942 1813 tua
965 1774 983 1813 a
1005 1755 1081 1828 loco,

14 1831 16 1898 ἓ
72 1861 153 1917 quem
171 1844 312 1915 eontinet,
330 1861 390 1901 non
407 1841 534 1900 recedat.
572 1840 647 1900 (lum
664 1843 726 1901 iam
744 1844 923 1902 manducare
942 1844 1081 1917 noluerit,

14 1921 16 1990 ss
72 1930 169 1990 offerto
191 1933 219 1989 ei
243 1950 361 2006 aquam,
384 1933 419 1989 ut
440 1929 532 1989 bibat.
579 1929 656 1988 (lum
673 1930 790 2006 biberit,
814 1934 917 1991 curato
941 1932 1081 1991 similiter

14 2011 16 2102 ξ
72 2022 103 2077 ut
129 2022 365 2096 suprascriptum
394 2021 447 2078 est.
497 2016 552 2076 (lui
584 2022 614 2077 et
644 2037 748 2078 sucum
774 2023 911 2096 ptisanae
942 2023 1082 2080 convenit

14 2135 15 2144 ¹
73 2106 141 2182 dari,
164 2110 311 2167 siminus
342 2109 468 2167 fortasse
497 2107 732 2166 manducaverit.
774 2108 868 2177 Quem
897 2110 954 2166 tali
983 2110 1080 2167 obser·

40 2199 185 2257 1011110111
206 2216 260 2273 per
282 2195 334 2254 XL
358 2197 421 2255 dies
445 2197 582 2254 curatum
603 2198 743 2255 restitues
766 2197 898 2256 sanitati.

121 2403 288 2468 XXXIV.
311 2403 362 2468 Dc
383 2403 566 2484 cartilagine
588 2403 718 2467 cariam
740 2404 769 2468 si
790 2404 921 2483 scopate
942 2404 1030 2483 fluct.

135 2533 167 2592 Si
183 2536 317 2592 iumento
331 2534 450 2591 narium
464 2533 609 2611 cartilago
629 2534 770 2607 corrupta
788 2533 828 2591 sit
844 2535 875 2590 et
892 2534 1014 2610 sanguis
1041 2543 1189 2585 mesecho.

73 2624 189 2697 reprimi
197 2623 370 2698 nonpossit,
385 2622 542 2699 spongiam
551 2621 659 2679 Airam
673 2623 704 2678 et
714 2623 790 2680 turis
800 2621 926 2680 maseuli
938 2621 1083 2697 pollinem

140 2779 155 2826 ὅ
174 2773 362 2828 (11111144.
454 2779 486 2826 11
507 2769 579 2825 Chii.
595 2788 618 2825 0.
634 2777 693 2827 545.
789 2777 821 2825 17
841 2771 914 2827 Chir.
930 2790 952 2827 c.
969 2779 1029 2827 546.

74 2848 104 2895 12
123 2843 194 2898 Ohir.
209 2862 232 2898 c.
249 2849 300 2897 547
320 2844 354 2898 of.
369 2842 427 2897 Pel.
443 2860 466 2896 c.
482 2848 582 2910 61165.

140 2992 217 3057 aeg.
233 2985 312 3039 sanie
330 2986 424 3040 om.P
454 2988 464 3054 ΙΙ
498 2985 562 3037 bin
582 2983 677 3053 aliquo
697 3000 721 3040 0.
737 2985 754 3038 1.
770 2987 799 3039 P
827 2987 836 3053 ΙΙ
870 2985 950 3040 8vel
969 3001 1041 3053 quae
1061 3003 1082 3038 e.

74 3055 207 3126 dissipata
226 3058 255 3111 P
276 3059 285 3125 ΙΙ
313 3062 345 3110 11
366 3072 415 3110 cru
434 3059 463 3109 et
481 3071 622 3110 curemam
641 3057 669 3110 A
688 3056 733 3109 cui
752 3058 781 3110 et
799 3057 944 3110 curamine
963 3056 1084 3110 cont1ita

74 3128 99 3181 P
121 3143 280 3181 curcumam
304 3129 342 3181 M
365 3126 411 3180 cui
436 3129 465 3180 et
489 3126 602 3181 corbem
625 3144 648 3180 o.
676 3143 770 3197 margo
796 3142 957 3180 crumenam
981 3128 1021 3181 ed.
1037 3144 1082 3196 pr.

73 3214 137 3252 corr.
153 3199 225 3254 Obir.
253 3202 263 3269 11
291 3204 324 3250 12
342 3196 422 3251 labia
439 3199 467 3252 A
481 3199 520 3252 ed.
532 3214 576 3265 pr.
600 3199 609 3267 ΙΙ
632 3203 664 3250 13
684 3197 721 3251 ad
740 3214 795 3251 cur.
815 3213 866 3251 om.
881 3199 909 3253 P
932 3199 935 3267 Ι
962 3213 1082 3266 compos.

73 3284 120 3322 om.
135 3272 188 3339 ΡΙ
217 3271 312 3323 teneto
331 3270 359 3323 A
385 3271 395 3338 l
423 3273 457 3321 14
474 3269 593 3322 mixtam
610 3268 641 3321 in
660 3283 682 3322 c.
698 3271 748 3322 aut
766 3268 841 3336 quod
859 3267 937 3321 md.
953 3270 981 3322 P
996 3269 1085 3322 mixta

73 3338 1084 3409 011.ΑΙῙ15111011.1111110111111ΑΙΙ1611111-11111011.111111111

74 3426 134 3463 vero
147 3429 183 3464 rn.
197 3410 319 3464 voluerit
332 3410 404 3479 plus,
419 3408 488 3463 offer
502 3410 529 3463 ei
543 3425 567 3463 a.
578 3412 607 3464 P
618 3412 627 3479 ΙΙ
643 3415 675 3463 18
689 3426 740 3478 per
753 3425 835 3463 nares
849 3426 872 3463 c.
888 3409 955 3462 dare
970 3411 997 3462 P
1010 3410 1083 3464 cair.

141 3487 175 3535 23
198 3500 238 3551 sp.
259 3483 354 3535 ustam
379 3483 407 3535 P
443 3489 447 3550 Ι
485 3481 551 3534 thus
576 3480 733 3534 masculum
757 3479 863 3547 polline
888 3478 1080 3532 commixto!

73 3552 189 3606 masculi
206 3569 257 3607 om.
272 3554 301 3607 P

124 3650 247 3691 Vlernrus
262 3651 298 3690 ed
312 3649 479 3691 nominatarum
907 3638 923 3684 ⁹
943 3656 951 3672 ·
