2509 3892
489 145 531 200 De
550 145 729 200 editionibus.
1064 145 1117 201 VII

87 315 212 373 erravit
229 315 276 372 vir
303 313 420 375 doetus:
447 333 543 390 neque
568 316 648 372 enim
668 315 729 374 illis
750 314 848 373 verbis
873 314 980 390 quibus
1005 334 1115 393 magns

86 421 168 481 pers
192 402 438 464 Schneiderinnae
462 404 730 480 argumentationis
753 403 801 462 vel
823 406 890 462 tote
912 404 1028 479 sititis,
1052 407 1114 483 agi·

86 496 144 551 tur
162 493 200 552 de
216 492 344 551 exordiis
359 492 510 551 librorum.
540 492 595 551 Ait
611 494 691 551 enim
704 489 861 570 Vegetius:
874 496 974 566 priseo
991 494 1114 567 amplec-

86 585 189 641 timur
209 582 285 640 libro
306 585 383 640 atet
404 583 523 656 faeiliss
541 584 727 654 reperienda
748 599 823 656 qaae
842 584 876 640 ie
898 583 1023 642 eaordds
1040 585 1115 656 ipsis

86 674 254 731 oommeni.
291 669 403 740 Quodsi
417 669 588 729 Schneideri
601 672 880 746 interpretationem
894 674 1032 747 sequeris,
1047 690 1115 731 oon-

85 761 226 820 trsrium
239 759 368 819 eveniet:
382 777 477 835 neque
491 761 569 818 enim
578 759 722 837 Vegetius
736 779 772 819 es
785 760 881 836 primo
895 759 972 819 libro
985 761 1114 837 smpleo-

85 852 220 923 teretur,
233 848 285 908 sed
298 848 435 922 seeundo,
448 866 516 906 oum
529 880 573 890 -
588 847 760 909 Schneideri
776 848 896 924 quidem
909 850 1057 908 sententie
1071 880 1114 892 -

86 938 291 1016 intellegatur
308 937 429 996 initium
445 937 517 996 libri
535 937 665 1012 secundi,
683 937 715 996 id
733 939 778 996 est
796 937 812 995 Ι
827 939 877 996 29.
915 937 947 996 N
948 956 997 996 um
1015 940 1042 997 si
1059 939 1114 998 hoo

87 1029 222 1087 dixisset
244 1027 387 1106 Vegetius
412 1021 466 1085 ‘Ut
495 1028 561 1102 quis
591 1026 710 1084 facilius
736 1027 884 1100 inveniet,
912 1028 1012 1085 omnis
1039 1027 1115 1086 teliu

87 1119 197 1193 primo
219 1115 327 1194 aollegi
348 1115 437 1174 libro:
460 1133 530 1174 nem
554 1116 585 1173 in
604 1114 732 1175 exordiis
755 1133 832 1191 quae
855 1117 925 1174 sunt
947 1117 1047 1191 posite
1069 1115 1113 1174 fa-

89 1206 187 1265 cilius
208 1199 418 1280 reperiuntur',
440 1205 523 1263 nullo
545 1204 635 1263 modo
662 1205 709 1263 his
731 1204 830 1263 verbis
852 1206 885 1263 id
905 1204 1038 1265 iudioare
1060 1224 1114 1280 po-

87 1297 159 1355 tuit
183 1293 262 1369 quod
281 1292 458 1352 Schneidero
477 1293 634 1352 videbatur
651 1294 781 1353 voluisse
800 1295 973 1369 exprimere,
995 1294 1059 1353 seil.
1083 1311 1113 1353 se

88 1383 160 1441 alia
187 1401 337 1442 reservare
364 1383 461 1457 primo
487 1381 577 1458 libro,
607 1383 682 1456 alia,
711 1383 746 1440 ut
772 1382 890 1442 facilius
919 1383 1114 1458 reperiantur,

86 1473 186 1531 initio
216 1471 286 1530 libri
315 1470 443 1531 secundi.
491 1470 559 1530 Non
589 1491 659 1548 ergo
689 1472 744 1531 hoo
772 1472 838 1531 loeo
868 1473 920 1550 egi
948 1475 1049 1549 potest
1076 1471 1113 1530 de

88 1560 225 1620 exordiis
247 1560 405 1634 librorum,
432 1561 504 1637 quis
527 1559 656 1619 absurde
679 1562 778 1619 evenit
801 1563 963 1637 sententis,
988 1561 1113 1638 indigne

87 1652 200 1711 nostro
223 1649 379 1725 scriptore,
406 1667 465 1707 non
488 1649 541 1707 illo
565 1649 685 1724 quidem
707 1651 855 1726 eripiente,
882 1651 915 1709 st
936 1653 1039 1709 tamen
1061 1651 1113 1725 qui

88 1739 228 1798 voluerit
250 1738 293 1797 eis
315 1755 389 1815 quos
408 1738 538 1797 leoturos
561 1756 624 1797 esse
642 1738 741 1797 voluit
765 1740 866 1797 omnia
887 1758 978 1815 quem
1001 1740 1113 1814 optime

90 1828 240 1907 digerere.
284 1826 361 1885 Mihi
383 1826 503 1902 quidem
525 1845 585 1885 non
609 1826 733 1885 dubium
756 1830 801 1887 est
824 1828 896 1903 quin
919 1829 1007 1905 longe
1030 1828 1113 1887 eliud

89 1919 166 1977 istis
190 1915 285 1976 verbis
308 1918 485 1992 expresserit
507 1919 623 1975 suetor:
646 1916 702 1976 hoo
725 1918 804 1975 enim
828 1916 931 1991 voluit,
954 1936 991 1976 ne
1014 1918 1113 1996 legen·

89 2007 179 2066 tibus
196 2005 330 2065 taedium
348 2005 477 2064 adferret
495 2005 605 2064 ooeotis
624 2023 723 2065 errare
741 2025 795 2082 per
812 2005 926 2080 titulos,
947 2025 1009 2065 uno
1028 2006 1113 2081 libro,

88 2098 208 2172 primo,
237 2094 396 2169 eompleeti
418 2112 453 2153 eu
481 2094 581 2152 omnia
608 2113 685 2169 quoe
713 2096 746 2153 in
775 2095 903 2155 exordiis
924 2094 999 2171 ipsis
1022 2114 1113 2154 mor·

89 2185 222 2244 borum
244 2185 430 2242 occurrerent
448 2186 479 2242 et
501 2185 605 2262 signe
628 2186 659 2242 et
676 2184 846 2258 remedia,
869 2186 905 2243 ut
926 2183 1044 2243 isoilius
1067 2203 1114 2243 eo·

92 2273 203 2352 gnosei
219 2276 340 2347 possent
358 2291 393 2331 eo
410 2273 523 2347 suneri3
546 2272 716 2348 eisdemque
734 2273 795 2332 iere
813 2272 911 2332 verbis
929 2291 1004 2349 opus
1027 2292 1114 2333 suum

89 2362 167 2422 finit
189 2352 233 2440 (3,
253 2363 305 2435 27,
324 2353 359 2443 9)
381 2362 491 2420 iterum
518 2362 686 2437 iterumque
713 2380 900 2422 commonens
927 2366 961 2420 at
983 2362 1114 2436 dilipenti

91 2469 172 2512 mera
189 2451 364 2524 passionum
386 2455 556 2510 oeewrratar
582 2444 757 2532 meeleb:
785 2469 857 2510 earn
886 2452 973 2509 etiam
994 2453 1113 2510 incara-

91 2541 166 2600 bilie
189 2540 392 2614 aspritudine,
414 2543 442 2600 si
458 2545 636 2613 praeventae
658 2542 782 2614 fuerint,
803 2539 943 2598 medenis
965 2543 1027 2598 arte
1048 2540 1113 2599 aie·

92 2632 213 2689 omnir.
258 2628 440 2688 Ieaeteratae
458 2646 564 2689 eaesae
589 2632 676 2687 etiam
698 2629 800 2703 faciles
823 2630 924 2688 earari
945 2645 1031 2702 saepe
1053 2645 1113 2688 eon

87 2720 227 2793 possent.
269 2715 312 2776 Gi.
331 2720 423 2776 etiam
449 2722 476 2791 1,
497 2720 547 2792 56,
568 2721 595 2777 1.

166 2806 271 2881 Neque
300 2807 356 2866 hoo
382 2809 461 2866 reete
491 2807 657 2883 disputavit
685 2806 733 2867 uir
761 2807 879 2881 doetus,
908 2807 1036 2867 discerni
1058 2808 1112 2867 illo

93 2898 165 2956 loeo
188 2886 233 2975 (1,
245 2895 418 2970 29‚1=2‚
431 2898 487 2972 1,1
504 2888 606 2976 Sehn.)
624 2897 704 2955 inter
725 2896 821 2955 morbi
843 2897 934 2956 melei
951 2915 1060 2975 genere
1082 2899 1113 2956 et

94 3003 134 3045 es
159 3003 234 3060 quoe
258 2986 429 3060 sequuntur,
452 2983 622 3043 difficiliora
644 2985 700 3045 ills
721 2984 820 3044 minus
840 2986 1008 3061 periculose
1030 2986 1111 3044 haee.

93 3074 178 3133 Nem
196 3072 302 3133 febrim
315 3092 435 3150 quoque
452 3075 532 3131 inter
545 3074 663 3133 morbos
678 3073 919 3134 damnosissimos
933 3092 996 3134 esse
1010 3094 1112 3134 nume·

94 3162 224 3223 rendam
242 3164 305 3238 ipse
324 3162 426 3239 prodit
439 3160 540 3221 eodem
555 3164 653 3239 eapite
674 3157 707 3241 [ἓ
723 3160 771 3239 2]:
794 3164 997 3222 Febriealibas
1015 3166 1113 3237 itaque

96 3247 186 3332 [nota
212 3244 323 3329 aare]
347 3252 526 3311 eternalibus
548 3254 682 3325 primum
709 3255 840 3311 convenii
862 3253 1016 3312 subvenire
1039 3244 1110 3330 [ie.

96 3344 130 3400 ie
152 3340 280 3400 exordiis
306 3334 527 3419 occurrendum]
534 3361 545 3412 ;
571 3359 643 3399 eam
667 3357 727 3399 eae
753 3342 882 3415 emplius
904 3357 993 3414 qaam
1015 3339 1112 3398 triduo

171 3529 197 3596 1)
217 3526 273 3580 Ubi
293 3527 380 3581 codex
398 3525 419 3578 L
434 3529 612 3596 passionibia
630 3533 790 3581 oeeunatur
808 3526 839 3579 ie
857 3523 984 3578 exordiis.
