2509 3892
70 147 73 153 ’
171 144 236 207 302
564 183 567 192 ·
612 144 748 198 VEGETI

170 316 200 370 et
223 312 361 371 caeciliae
392 331 480 389 saepe
511 331 578 371 eum
607 314 639 371 in
668 314 786 389 pascuis
814 313 867 372 bos
896 314 1064 389 improvide
1088 334 1196 391 snper-

170 400 273 459 oubuit
295 402 467 460 stimulatae
490 421 578 461 onere
597 422 712 462 morsus
732 402 870 480 infigunt.
907 404 1042 463 Araneus
1062 423 1196 479 quoque,

170 508 257 564 quem
281 487 387 548 Graeci
416 490 555 568 mygalen
583 491 750 567 appellant,
779 510 890 567 parvus
919 492 1039 568 quidem
1067 511 1196 568 corpore

168 599 229 638 non
248 582 348 637 tamen
366 599 491 655 parvam
511 580 587 639 solet
605 581 714 639 inferre
733 580 901 656 perniciem.
938 580 1051 640 Verum
1068 582 1196 657 viperae

168 687 315 726 venenum
347 669 471 743 depellit
502 687 593 744 supra
624 672 784 743 tumorem,
818 672 872 745 qui
903 669 1026 728 inflatur
1053 690 1090 728 ex
1121 672 1195 743 ictu
1222 694 1233 732 5

169 756 346 816 scarificatio
376 759 454 815 ferro
477 758 572 831 faeta,
601 760 646 817 ita
669 762 703 816 ut
725 758 831 831 herba,
862 778 952 833 quam
981 762 1196 834 personaeiam

134 849 152 906 2
168 850 286 920 vocant,
308 848 481 921 imponatur
499 849 573 905 trita
592 866 659 906 eum
678 848 752 919 sale3
777 849 862 907 euius
886 847 1034 908 efficacior
1056 849 1196 908 ereditur

168 936 253 994 radis
277 937 303 994 si
330 940 454 994 contusa
480 938 610 1011 ponatur
633 936 682 995 vel
711 937 781 996 siler
808 939 984 996 montanum
1010 939 1195 1013 reperiatur,

167 1024 316 1082 trifolium
348 1024 428 1099 quod
460 1026 643 1101 confragosis
676 1025 748 1085 loeis
776 1026 1014 1086 efficacissimum
1045 1028 1194 1101 nascitur,

168 1113 266 1171 odoris
296 1114 409 1191 gravis,
439 1112 580 1172 bitumini
610 1115 730 1188 similis,
760 1118 882 1191 propter
912 1115 991 1190 quod
1020 1134 1038 1173 a
1066 1114 1194 1175 Graecis
1209 1140 1232 1176 ιο

169 1202 309 1261 asfaltion
334 1202 511 1277 appellatur,
534 1204 629 1261 nostri
648 1207 749 1262 autem
771 1207 894 1279 propter
916 1204 1043 1281 figuram
1066 1208 1194 1263 acutum

168 1292 316 1349 trifolium
334 1294 452 1364 vocant,
470 1311 540 1349 nam
559 1293 658 1370 longis
677 1295 707 1351 et
725 1293 848 1352 hirsutis
862 1293 942 1352 foliis
961 1294 1040 1351 viret
1058 1295 1192 1353 caulem·

134 1382 152 1437 3
169 1400 225 1455 que
248 1380 445 1439 robustiorem
463 1380 537 1439 faeit
555 1399 646 1457 quam
664 1384 811 1456 pratense.
848 1382 945 1441 Huius
967 1382 1076 1440 herbae
1101 1402 1194 1442 sucus

169 1488 235 1527 eum
258 1471 329 1529 vino
352 1469 487 1528 faucibus
517 1470 693 1528 infundatur
720 1474 813 1546 atque
840 1471 907 1546 ipsa
934 1470 1008 1530 folia
1033 1490 1104 1529 eum
1129 1465 1192 1531 sale

168 1560 242 1617 trita
265 1560 460 1633 imponantur
488 1560 520 1615 in
548 1560 647 1636 plaga.
694 1559 806 1629 Quodsi
833 1559 929 1618 viride
958 1560 1081 1617 minime
1106 1563 1193 1620 inve·
1207 1585 1230 1622 15

168 1648 280 1716 niatur,
303 1649 417 1706 semina
440 1648 502 1707 eius
526 1648 651 1706 collecta
674 1651 704 1706 et
731 1651 806 1706 trita
829 1649 940 1706 dantur
962 1649 1097 1723 potanda
1122 1669 1193 1709 eum

168 1738 248 1805 vino,
266 1737 439 1811 radicesque
459 1737 521 1794 eius
537 1756 603 1795 cum
622 1756 676 1795 suo
696 1738 779 1795 caule
793 1739 884 1796 tritae
903 1736 1005 1796 addita
1022 1737 1193 1798 hordeacea

168 1826 268 1883 farina
283 1829 313 1883 et
327 1826 389 1883 sale
408 1844 475 1883 eum
494 1844 574 1900 aqua
591 1827 688 1885 mulsa
707 1826 919 1885 scarificationi
937 1831 1191 1903 superponuntur.

133 1915 224 1973 anst
247 1915 337 1973 etiam
360 1933 499 1989 praesens
522 1915 698 1987 remedium,
724 1915 749 1973 si
772 1917 884 1973 fraxini
906 1916 1061 1975 eacumina
1082 1919 1192 1976 tenera

168 2005 303 2061 conteras
326 2003 354 2060 V
371 2003 423 2061 lib.
442 2023 509 2063 eum
538 2003 664 2062 totidem
687 2007 759 2063 sext.
778 2006 843 2062 vini
865 2007 896 2063 et
918 2004 962 2062 IV
984 2005 1035 2063 lib.
1055 2006 1118 2065 olei
1141 2026 1188 2066 ex·
1203 2030 1227 2067 so

167 2110 360 2167 pressumque
393 2111 495 2150 susum
526 2093 662 2151 faucibus
694 2093 834 2151 infundas
867 2095 998 2168 itemque
1031 2095 1189 2154 eacumina

168 2181 298 2240 eiusdem
313 2180 425 2239 arboris
444 2200 511 2239 oum
526 2181 587 2240 sale
606 2183 679 2240 trita
697 2182 785 2241 laesis
799 2182 936 2257 partibus
951 2184 1188 2258 superimponas,

240 2359 253 2405 1
274 2367 359 2419 saepe
374 2370 423 2404 orn⁸
439 2352 478 2404 ed.
490 2368 534 2419 pr.
550 2353 578 2405 A
592 2351 616 2403 si
631 2368 731 2420 peeum
746 2353 772 2405 L
789 2356 793 2419 1
809 2352 1002 2420 supercumbit
1018 2354 1058 2406 ed.
1069 2371 1117 2421 pr.
1133 2356 1162 2408 A
1179 2355 1182 2396 1

168 2429 183 2475 2
203 2422 317 2476 stimulo
336 2423 376 2476 ed.
387 2441 431 2491 pr.
453 2421 597 2475 stimulare
612 2424 640 2477 A
659 2423 822 2477 stimulatae
836 2424 941 2489 honore
956 2426 982 2479 L
998 2424 1003 2494 Ι
1019 2424 1187 2493 imprimunt

167 2495 206 2547 ed.
218 2513 263 2565 pr.
279 2496 306 2549 A
338 2495 347 2562 11
380 2493 561 2563 3migaltem
579 2495 619 2548 ed.
637 2512 680 2562 pr.
700 2494 834 2562 migalem
853 2498 880 2549 A
899 2494 1187 2564 quem—appellant

167 2582 218 2618 om.
234 2567 260 2619 L
279 2566 313 2632 ef.
329 2582 400 2634 corp.
416 2566 712 2634 ploss.llp.131,52
736 2570 740 2632 1
770 2566 850 2634 parvi
870 2583 896 2635 q.
917 2566 1039 2635 eorporis
1059 2567 1100 2621 ed.
1113 2586 1159 2637 pr.
1177 2571 1186 2637 1

167 2675 298 2725 stamen
317 2689 367 2725 om.
382 2673 422 2726 ed.
434 2689 478 2739 pr.
494 2674 522 2725 A
538 2671 543 2743 1
558 2654 648 2725 virudr
666 2690 691 2724 v.
710 2654 860 2726 dmuenam
878 2674 905 2727 L
922 2675 932 2742 1
950 2679 966 2726 5
985 2689 1069 2742 super
1085 2673 1186 2728 humo·

167 2758 226 2795 rom
244 2744 272 2797 L
287 2745 291 2812 1
307 2759 342 2796 ex
359 2743 418 2796 iotu
438 2742 479 2797 ed.
490 2759 535 2811 pr.
550 2745 578 2797 A
597 2746 714 2812 ereptus
732 2745 759 2797 L
773 2747 782 2813 11
801 2749 816 2797 d
834 2744 1027 2812 personatiam
1045 2746 1085 2799 ed.
1097 2763 1143 2814 pr.
1159 2749 1185 2800 A

167 2814 253 2866 -eiam
272 2815 297 2866 L
320 2819 329 2880 11
353 2820 366 2865 7
388 2816 466 2867 euius
486 2814 529 2868 eff.
550 2832 599 2868 om.
614 2816 655 2869 sd.
666 2833 711 2884 pr.
727 2817 754 2869 A
782 2817 791 2884 11
818 2817 971 2868 Soonatur
989 2817 1028 2870 ed.
1040 2834 1085 2886 pr.
1111 2818 1117 2888 1
1142 2816 1185 2871 vel

168 2885 191 2937 si
210 2885 240 2937 in
257 2886 343 2937 mont.
360 2886 386 2938 L
399 2888 438 2955 119
458 2889 487 2939 et
509 2884 648 2939 trifolium
667 2886 869 2953 Symonianum
890 2888 930 2940 ed.
942 2904 986 2955 pr.
1006 2890 1036 2940 et
1052 2886 1111 2942 trif.
1131 2892 1159 2943 A
1179 2891 1183 2958 1

167 2956 243 3023 quod
262 2974 312 3010 om.
328 2957 387 3010 LA
401 2960 474 3024 (eum
493 2956 574 3026 frago
594 2956 666 3027 sil.)
692 2959 695 3025 1
721 2958 841 3028 fragosis
860 2959 899 3011 td.
910 2976 955 3026 pr.
978 2960 988 3026 11
1010 2964 1042 3010 10
1062 2962 1091 3012 et
1109 2959 1184 3013 bitu·

166 3027 251 3080 minis
265 3045 287 3081 s.
301 3027 328 3080 L
345 3030 348 3094 1
366 3029 484 3098 agrestis
500 3028 629 3096 aspalton
644 3030 671 3081 A
686 3044 703 3081 a
718 3028 858 3082 Graecum
874 3029 1016 3098 aspaltum
1030 3031 1056 3084 L
1071 3031 1184 3099 asphal—

167 3102 216 3152 ton
235 3100 274 3153 ed.
285 3116 330 3166 pr.
351 3099 384 3151 ef.
400 3101 462 3153 thes.
477 3101 555 3170 ploos.
570 3116 618 3152 em.
633 3116 657 3152 e.
674 3099 813 3153 trifolium
825 3102 835 3169 11
849 3106 883 3153 12
901 3101 992 3153 virum
1010 3102 1036 3154 L
1057 3103 1061 3167 1
1077 3103 1184 3169 yroosis

168 3174 194 3224 A
217 3172 226 3238 11
251 3176 283 3224 18
302 3169 473 3224 robustiores
491 3172 517 3224 L
547 3174 551 3238 1
581 3186 666 3237 quam
685 3174 816 3239 pratense
834 3188 885 3225 om.
901 3172 960 3226 LA
982 3173 991 3241 11
1015 3177 1049 3225 lo
1067 3172 1183 3243 plagam

166 3243 206 3296 ed.
219 3259 263 3309 pr.
278 3242 306 3295 A
329 3245 333 3309 1
358 3242 475 3294 viridem
495 3260 530 3296 m.
546 3241 689 3309 reperiunt
707 3244 747 3295 ed.
758 3261 804 3310 pr.
819 3245 847 3297 A
869 3245 878 3311 11
902 3248 934 3295 16
954 3259 1064 3296 summa
1082 3245 1109 3298 L
1126 3249 1130 3312 1
1147 3245 1183 3297 ad

166 3311 324 3380 potandum
342 3313 382 3365 ed.
393 3330 438 3380 pr.
453 3313 480 3365 A
504 3314 513 3381 11
536 3317 569 3364 17
588 3313 697 3366 radices
716 3330 828 3382 qnoque
847 3316 907 3367 eius
926 3331 989 3367 eum
1008 3331 1074 3367 sneo
1094 3314 1182 3369 caulis

167 3384 207 3435 ed.
214 3400 258 3451 pr.
269 3383 297 3435 A
311 3385 320 3451 11
335 3388 368 3434 18
383 3382 577 3436 scarifationes
587 3383 766 3452 obponuntur
775 3386 802 3439 L
816 3388 826 3453 11
840 3391 873 3438 19
883 3384 956 3438 frasi
965 3386 992 3439 L
1004 3387 1014 3454 11
1029 3390 1063 3438 20
1077 3386 1103 3439 Π
1112 3391 1181 3441 sext.

167 3452 223 3505 olei
239 3453 294 3507 Col.
309 3455 436 3506 conteras
452 3469 514 3505 oum
529 3454 657 3506 sextariis
671 3455 729 3508 vini
743 3458 865 3523 quatuor
878 3455 923 3509 vel
937 3456 992 3510 olei
1005 3458 1046 3510 ed.
1056 3475 1102 3525 pr.
1118 3475 1182 3512 con-

205 3538 242 3574 as
259 3522 304 3574 vel
321 3522 440 3576 totidem
459 3525 527 3577 sext.
543 3531 588 3577 etc.
603 3526 631 3577 A
645 3527 654 3592 11
668 3531 702 3577 22
720 3526 836 3581 naribus
852 3543 1023 3596 superponas
1041 3529 1082 3582 ed.
1094 3547 1140 3598 pr.
1155 3532 1181 3584 A
