2509 3892
468 144 607 198 MVLOM.
627 145 653 198 II
673 151 723 199 134
1039 142 1102 207 231

88 314 248 391 agitaretis
272 314 405 387 claudes,
432 333 469 372 ne
497 314 571 373 odor
596 314 706 374 herbae
729 313 869 374 salutaris
893 313 1024 386 exhalet3
1051 332 1105 388 per

89 420 119 462 os
141 402 241 461 triduo
272 404 320 461 vel
348 406 421 479 quot
451 404 581 463 volueris
609 404 714 462 diebus
744 402 867 481 digeras.
909 402 986 461 Item
1008 401 1139 461 aliudzl

88 491 175 549 lentis
193 492 412 551 Alexandrinae
435 493 516 552 faeni
535 491 642 552 Graeci
663 493 720 551 lini
743 494 864 551 seminis
887 491 1021 550 heminas
1044 495 1104 551 sin-

89 581 172 658 gulas
206 580 351 657 decoques
390 582 538 657 addesque
571 584 599 641 ei
637 581 789 641 tracanthi
823 598 889 639 uno.
914 579 930 638 I
955 598 977 638 s.
1007 580 1104 656 pridie

64 668 117 730 siu
134 669 238 746 tepida
251 669 384 729 infundis
399 675 428 729 et
446 673 492 728 ari
506 670 616 731 Gallici
634 689 701 730 uuo.
715 670 762 728 HI
780 670 1007 748 diligentissime
1025 689 1103 728 reso-

88 757 177 832 lutas,
210 778 286 834 quae
309 778 377 818 cum
399 763 500 819 omnia
520 763 562 819 ‘iu
584 762 729 819 mortario
752 762 891 831 triveris,
921 759 954 816 in
977 757 1102 817 caccabo

87 866 162 907 novo
185 867 253 907 cum
279 849 376 907 tribus
399 868 494 924 aquae
522 852 659 909 sextariis
686 849 832 925 decoquas
862 852 892 907 et
915 847 1020 906 exinde
1043 850 1102 906 ter-

87 938 159 995 tiam
188 940 307 1013 partem
336 957 403 997 cum
432 942 561 998 sextario
590 940 674 1014 passi
705 938 840 1013 tepidum
871 955 925 1013 per
955 956 987 996 os
1017 936 1101 995 dabis

87 1026 197 1086 triduo:
226 1029 368 1085 continuo
397 1030 536 1105 stagnare
564 1027 695 1087 creditur
721 1028 829 1086 vulsos.
878 1027 910 1085 Si
932 1027 1135 1084 iumentum5

53 1134 76 1173 ιο
87 1134 119 1173 ex
141 1115 316 1174 vulneribus
339 1118 470 1175 faucium
489 1119 580 1176 tussis
603 1116 730 1195 urgebit,
753 1117 806 1176 iris
829 1116 968 1191 Illyricae
992 1134 1057 1173 unc.
1078 1114 1101 1188 I,

86 1203 195 1280 piperis
209 1206 290 1282 nigri
304 1224 441 1279 semunc,
456 1208 535 1266 croci
548 1225 643 1282 scrup.
654 1206 678 1280 I,
692 1224 811 1264 murrae
820 1205 953 1282 troglitis
964 1223 1100 1278 semuuc,

85 1295 160 1353 turis
196 1294 320 1369 pollinis
357 1314 495 1368 semunc,
527 1296 678 1354 tracauthi
719 1297 802 1370 prius
839 1295 931 1353 infusi
968 1296 998 1352 et
1034 1296 1102 1352 triti

85 1401 148 1441 unc.
167 1383 191 1458 I,
215 1402 273 1443 ova
291 1383 319 1440 V
342 1402 411 1442 cum
433 1386 514 1460 passi
533 1386 662 1444 sextario
681 1386 853 1444 commisces
876 1386 906 1442 et
924 1382 1024 1442 triduo
1048 1403 1101 1459 per

85 1471 182 1531 fauces
206 1472 322 1550 digeres
345 1473 384 1530 ad
398 1491 506 1532 cornu.
552 1474 625 1534 Post
647 1475 719 1548 mel,
747 1473 901 1549 butyrum,
930 1473 1099 1550 axungiam,

52 1579 74 1619 rs
87 1560 176 1619 salem
200 1564 230 1621 et
252 1562 385 1637 piculam
408 1565 593 1637 commisces,
621 1564 695 1622 offas
718 1564 809 1621 facies
838 1567 868 1621 et
890 1565 923 1622 in
945 1580 1032 1639 passo
1055 1565 1100 1621 in-

86 1652 191 1709 tinctas
224 1650 349 1729 digeres.
403 1650 436 1709 Si
466 1652 502 1710 ab
532 1654 659 1711 internis
693 1654 841 1726 tussierit,
871 1654 934 1711 suci
963 1653 1134 1728 ptisanaeb

18 1789 19 1794 ,
85 1736 241 1814 heminam,
265 1740 377 1799 defruti
399 1742 540 1817 cyathum
563 1740 701 1800 miscebis
724 1745 755 1801 et
777 1741 985 1817 pertriduum
1008 1741 1100 1801 dabis.

85 1826 117 1885 Si
138 1831 261 1907 gravius
284 1831 420 1889 tussierit
443 1831 564 1905 animal,
586 1830 675 1889 fabae
693 1832 788 1889 fresae
807 1833 838 1889 ei
861 1834 962 1890 coctae
985 1831 1100 1906 sexti,

18 1909 19 1916 '
85 1920 145 1976 sevi
174 1918 284 1978 hircini
313 1938 378 1977 unc.
397 1918 452 1992 HI,
476 1920 530 1978 alii
560 1921 661 1995 capita
682 1919 729 1978 III
756 1920 869 1995 pariter
898 1920 1044 1995 decoquas
1070 1924 1100 1980 et

50 2007 114 2064 soiu
135 2010 280 2067 mortario
308 2011 441 2067 conteres
471 2012 502 2068 et
531 2027 598 2067 cum
625 2027 714 2085 passo
741 2008 834 2067 dabis.
881 2007 973 2068 Curat
1000 2012 1133 2069 antemi

85 2095 181 2156 vulsos
211 2100 241 2155 et
263 2100 382 2172 ruptos:
409 2098 491 2156 faeni
514 2096 620 2157 Graeci
644 2100 716 2156 sext.
735 2097 750 2155 Ι
774 2115 840 2155 cum
862 2097 917 2155 XX
941 2099 1046 2157 caricis
1070 2103 1100 2157 et

84 2183 257 2244 fasciculum
285 2188 349 2261 apii
374 2189 405 2246 et
428 2187 603 2246 fasciculum
629 2190 716 2246 rutae
743 2189 776 2244 in
805 2205 884 2261 aqua
907 2187 946 2245 ad
968 2186 1100 2245 medium

84 2272 241 2351 decoquas,
270 2277 315 2333 ita
337 2279 372 2333 ut
394 2276 584 2352 postmodum
614 2277 767 2335 uacauthi
794 2276 887 2334 soluti
914 2294 978 2333 unc.
999 2274 1046 2333 ΙΠ
1069 2279 1099 2334 et

85 2364 243 2443 anagallici
271 2367 388 2423 contusi
417 2368 477 2424 tres
501 2373 531 2423 et
561 2366 616 2423 alii
643 2367 761 2424 contusi
790 2367 850 2423 tres
879 2363 956 2423 aliae
986 2367 1099 2439 pariter

51 2466 73 2507 ss
85 2451 237 2528 addantur,
261 2456 291 2513 et
314 2455 415 2512 omnia
438 2458 638 2530 conterantur,
662 2454 761 2513 offulis
780 2454 818 2512 ad
841 2453 924 2512 nucis
947 2456 1097 2531 maguitu-

84 2609 294 2617 z———m—

151 2718 167 2765 r
186 2712 221 2766 ef.
236 2712 334 2783 regri
350 2720 391 2778 11,
407 2718 423 2766 c
443 2713 511 2782 (rei.
527 2731 549 2767 ο.
566 2719 636 2783 sor).
712 2719 745 2768 18
765 2713 799 2768 cf.
815 2712 884 2783 rag.
900 2712 912 2765 1
932 2718 974 2780 11,
991 2719 1031 2768 10.
1091 2671 1094 2681 ⁴

151 2961 292 3033 hdiriges
308 2963 334 3017 Gr
350 2964 354 3035 Ι
371 2963 429 3017 alia
442 2964 482 3017 cd.
493 2982 538 3033 pr.
553 2967 562 3033 11
576 2971 593 3017 4
608 2963 683 3034 anig.
699 2963 725 3017 L
738 2965 748 3032 t
763 2968 778 3017 6
793 2963 958 3017 cribraveris
972 2964 999 3018 L
1013 2968 1022 3034 ΙΙ
1037 2971 1052 3017 7
1067 2968 1096 3020 et

83 3045 130 3084 om.
145 3033 185 3086 ed.
196 3051 240 3102 pr.
273 3036 282 3102 ΙΙ
315 3038 450 3089 9sauare
468 3037 508 3090 ed.
525 3053 568 3104 pr.
588 3034 683 3089 vulsus
703 3052 737 3090 cc
755 3051 797 3087 -os
813 3034 839 3087 L
871 3037 880 3103 {l
914 3039 947 3088 10
965 3035 1094 3090 faucibus

84 3100 108 3153 L
138 3106 147 3173 ΙΙ
179 3110 211 3157 11
231 3105 340 3159 euocari
358 3107 497 3176 θῶμά
536 3109 540 3175 Ι
577 3106 702 3176 troglitis
721 3122 787 3159 sem.
807 3107 826 3159 t.
846 3124 872 3175 p.
893 3110 1068 3163 sem.om.A
1085 3107 1096 3182 Η

86 3177 116 3226 15
134 3174 206 3230 sales
225 3175 252 3228 L
266 3195 286 3230 a.
300 3178 350 3230 sed
368 3193 419 3246 per
432 3178 486 3247 pic.
502 3193 571 3232 com.
587 3180 616 3232 et
635 3194 686 3247 per
698 3177 822 3231 triduum
842 3177 912 3231 offas
931 3177 950 3230 f.
970 3181 1000 3232 et
1018 3179 1048 3232 in
1066 3198 1092 3249 p.

83 3242 216 3301 immittas
235 3248 346 3319 digeres
364 3251 391 3303 A
418 3251 427 3317 ΙΙ
457 3256 489 3305 16
507 3249 688 3303 interioribus
707 3251 734 3303 A
761 3250 771 3317 11
799 3254 830 3302 17
852 3248 964 3303 defuisti
983 3249 1009 3302 L
1036 3253 1039 3319 Ι
1065 3252 1094 3305 et

83 3317 171 3370 emL
206 3322 215 3388 n
253 3323 287 3373 18
305 3319 405 3374 frisiae
425 3320 451 3373 L
468 3321 558 3375 frixae
577 3322 717 3390 ed.pr.A
752 3323 761 3390 ΙΙ
793 3325 827 3374 20
846 3320 950 3375 deteris
969 3321 1008 3375 ed.
1020 3325 1093 3392 pall

85 3390 115 3438 21
130 3390 235 3444 caricas
249 3390 300 3444 XX
312 3393 341 3445 et
355 3391 374 3445 f.
386 3394 413 3446 A
426 3392 575 3447 fasciolum
589 3394 631 3447 bis
641 3391 667 3444 L
680 3390 815 3446 fasciculo
830 3392 872 3446 bia
884 3393 924 3445 cd.
933 3409 976 3460 pr.
992 3394 1000 3460 ll
1015 3398 1049 3445 22
1064 3393 1094 3445 in

83 3460 198 3530 quaLu
212 3467 246 3515 23
264 3461 381 3516 resoluti
400 3464 439 3518 cd.
451 3482 495 3534 pr.
511 3466 538 3518 A
554 3467 558 3532 l
574 3480 637 3517 unc.
652 3463 743 3517 IIIIA
757 3465 766 3531 11
781 3468 815 3515 24
834 3465 863 3517 et
877 3461 939 3516 allii
951 3465 1009 3517 tres
1028 3463 1092 3516 add.

83 3530 120 3582 ed.
130 3547 174 3599 pr.
189 3535 216 3587 A
230 3535 239 3602 ΙΙ
253 3538 288 3586 25
307 3532 456 3603 offulisque
475 3538 502 3589 A
516 3536 556 3589 cd.
570 3552 612 3604 pr.
633 3534 736 3588 offulae
752 3577 756 3587 .
774 3577 779 3586 .
797 3578 802 3588 .
817 3532 911 3587 factae
928 3534 1008 3589 Soleo.
