2509 3892
444 162 584 217 MVLOM.
603 162 643 216 IV
663 169 768 216 12-14

460 431 565 496 XIII.
588 432 639 496 De
656 434 764 514 pthisi.

120 557 123 562 ’
167 562 223 620 nst
246 563 337 620 etiam
362 564 463 639 gravis
482 559 636 638 pernicies,
660 581 727 620 oum
750 562 905 637 pulmones
928 562 1042 621 exuloe·
1088 556 1201 648 Πὲζξῃῗθ

96 656 217 725 rantur3
243 651 321 709 unde
340 653 431 710 tussis
453 653 483 709 et
501 653 619 724 macies,
646 651 684 709 ad
704 651 845 710 ultimum
870 671 940 710 vero
959 651 1066 726 pthisis

97 739 230 814 invadit,
261 759 337 814 quae
367 744 493 798 mortem
524 740 659 798 afferant.
706 740 802 799 Radix
833 740 1017 818 consiliginis
1044 742 1121 800 siout

69 834 192 903 usupra
228 828 381 887 docuimus
420 831 589 905 perforatae
624 830 776 887 auiioulae
812 830 954 889 inseritur
991 833 1021 887 et
1057 832 1121 888 suoi

43 924 46 927 ’
98 920 190 994 porri·
199 918 320 977 hemina
338 920 405 994 pari
424 937 578 977 mensurae
598 918 657 977 olei
678 919 829 992 miscetur,
852 922 883 977 et
900 918 1028 977 bibenda
1051 921 1121 977 sunt

96 1026 167 1065 oum
190 1008 255 1065 vini
278 1008 406 1066 sextario
430 1027 484 1083 per
506 1008 568 1065 dies
591 1007 744 1082 plurimos

388 1250 447 1315 XI
450 1251 484 1315 V.
507 1250 557 1314 De
580 1256 696 1315 tumore
712 1251 826 1332 palati

169 1381 392 1456 Nonnunquam
416 1384 446 1439 et
471 1384 570 1439 tumor
592 1381 689 1456 palati
717 1381 850 1440 ciborum
878 1380 1032 1440 fastidium
1068 1375 1221 1467 mfjff

56 1492 85 1531 ιο
98 1470 179 1528 'facit
211 1469 404 1544 crebrumque
442 1471 612 1545 suspirium.
666 1470 792 1527 Prodest
823 1470 959 1544 palatum
990 1471 1068 1529 ferro
1177 1462 1181 1468 ’

101 1560 217 1635 aperire
232 1562 267 1616 ut
279 1559 410 1635 profluat
428 1560 557 1635 sanguis
573 1561 623 1617 oui
637 1578 739 1617 ervum
757 1562 820 1617 sine
839 1560 918 1617 omio
937 1562 1120 1618 maceratum

101 1648 140 1706 ad
163 1648 402 1706 manducandum
425 1647 510 1706 dabis
529 1647 715 1722 viridemque
738 1648 873 1706 frondem
888 1649 944 1706 vvel
969 1648 1121 1723 quodlibet

99 1737 191 1795 molle
215 1736 358 1812 pabulum
386 1737 456 1795 dum
484 1740 613 1795 sanetur.
661 1736 693 1794 Si
725 1736 758 1795 in
787 1737 924 1812 operibus
953 1737 1155 1796 contuderit?

98 1826 224 1899 ¹collum,
253 1828 543 1902 praestantissimum
571 1826 737 1884 remedium
767 1830 811 1884 est
841 1828 962 1904 sanguis
991 1827 1026 1885 de
1050 1846 1121 1885 aure

54 1937 83 1976 15
100 1915 234 1988 emissus,
258 1917 311 1973 aut
330 1916 355 1974 si
377 1916 492 1974 fautum
514 1917 698 1991 intempore
720 1934 780 1973 non
798 1915 898 1989 fuerit,
921 1916 1022 1990 herba,
1045 1935 1121 1992 quae

99 2007 226 2062 vocatur
249 2006 327 2079 avia,
350 2023 417 2062 oum
441 2006 502 2063 sale
525 2006 600 2062 trita
624 2007 654 2063 et
677 2006 826 2079 impositu.

73 2213 77 2216 -
174 2179 189 2226 2
209 2171 265 2228 Col.
281 2173 319 2226 VI
339 2179 379 2227 14.

176 2341 188 2386 1
210 2333 245 2387 de
261 2334 346 2390 ,tisioo
360 2336 388 2389 A
402 2337 441 2404 112
460 2333 574 2387 Etcum
589 2351 629 2403 gr.
644 2352 672 2401 p.
692 2335 725 2385 ut
738 2349 802 2391 oum
816 2332 856 2386 ed.
867 2351 912 2402 pr.
929 2334 956 2387 A
975 2336 1015 2402 (et
1035 2334 1120 2387 etiam

99 2406 154 2476 gr.)
186 2408 196 2474 11
227 2411 243 2458 3
262 2405 329 2459 inde
352 2407 454 2460 tussiat
479 2405 584 2458 macies
608 2404 645 2458 nd
663 2423 690 2458 u.
710 2404 796 2457 tussis
815 2404 835 2456 i.
853 2405 880 2457 L
899 2420 932 2458 ex
958 2422 1014 2472 quo
1035 2405 1121 2458 tussis

98 2475 206 2530 munies
225 2478 255 2531 et
273 2477 373 2531 ultimo
392 2495 419 2545 p.
436 2476 604 2530 conveniunt
619 2476 698 2545 Ρ114
717 2476 747 2527 in
765 2479 885 2528 mortem
904 2492 928 2528 a.
945 2476 971 2528 L
989 2492 1025 2529 ue
1039 2494 1075 2529 m.
1096 2492 1120 2529 a.

100 2548 182 2603 scau.
200 2550 203 2616 1
220 2548 363 2604 siout—6
381 2551 411 2602 et
428 2566 479 2604 oin.
497 2549 536 2603 ed.
550 2566 593 2616 pr.
609 2550 637 2603 A
651 2552 690 2617 116
709 2546 786 2615 porri
805 2563 871 2599 suoo
891 2563 1012 2601 semuno.
1027 2548 1040 2600 l
1058 2547 1120 2615 pari

99 2634 232 2673 mensura
251 2637 275 2673 o.
290 2620 444 2674 miscentur
458 2622 487 2674 et
504 2619 659 2674 bibendum
678 2635 741 2671 oum
755 2619 782 2672 L
801 2635 883 2671 sucus
902 2618 979 2688 porri
997 2619 1120 2672 omnium

100 2697 166 2757 (om.
186 2693 226 2759 A)
245 2691 389 2745 heminam
413 2708 464 2760 per
488 2706 649 2744 mensuram
675 2708 699 2743 o.
719 2708 755 2742 m.
776 2693 805 2744 et
827 2688 944 2743 bibendi
968 2695 1033 2743 sunt
1058 2707 1121 2743 oum

98 2762 142 2816 ed.
155 2779 198 2830 pr.
214 2764 242 2816 A
260 2763 305 2817 oui
325 2763 386 2817 suci
403 2780 431 2832 p.
451 2766 480 2816 et
499 2762 555 2816 olei
573 2779 617 2816 an.
638 2762 787 2816 eminaml
806 2779 870 2815 oum
886 2761 944 2815 viui
963 2762 1119 2815 sextario..

100 2833 185 2886 detur
203 2835 233 2887 P

173 2909 190 2958 8
209 2905 305 2959 leonum
323 2906 355 2958 in
373 2907 433 2959 LA
460 2908 470 2973 11
498 2911 513 2958 9
533 2922 559 2958 n.
579 2904 668 2958 nimio
687 2905 716 2957 in
735 2905 832 2973 palato
852 2904 904 2958 oib.
925 2906 953 2959 P
973 2907 982 2974 11
1005 2910 1039 2958 10
1057 2921 1120 2973 pro·

100 2975 177 3030 didit
191 2976 218 3028 L
236 2976 331 3045 prodit
345 2977 373 3030 A
387 2980 396 3044 11
411 2982 444 3029 12
464 2976 557 3045 quodl.
578 2976 658 3029 aliud
675 2994 712 3029 m.
728 2977 767 3030 ed.
781 2994 824 3044 pr.
841 2979 907 3030 AM
922 2978 932 3043 11
947 2982 979 3029 13
998 2977 1052 3047 §2
1069 2994 1118 3030 om.

101 3049 136 3102 P.
156 3046 193 3101 nd
213 3050 394 3101 contusuram
414 3048 529 3101 nervicis
548 3049 645 3102 leenma
664 3048 695 3099 in
709 3047 736 3099 L
753 3050 810 3116 1113
830 3047 859 3099 in
879 3063 962 3116 opere
976 3047 1026 3100 bos
1043 3050 1119 3101 Mor-

100 3120 221 3189 pupuius
238 3122 247 3188 11
268 3125 300 3173 14
320 3119 356 3172 ab
376 3136 444 3173 nure
462 3121 502 3174 ed.
513 3137 558 3188 pr.
574 3120 601 3172 A
623 3123 633 3187 11
653 3125 685 3170 15
705 3122 735 3171 at
753 3121 814 3187 (aut
833 3120 870 3187 A)
890 3119 914 3171 si
933 3118 963 3171 id
981 3122 1072 3172 totum
1091 3118 1120 3170 in

100 3193 237 3259 tempore,
257 3206 330 3258 quae
348 3208 372 3243 v.
392 3193 432 3245 ed.
444 3208 488 3259 pr.
503 3193 531 3244 A
552 3194 560 3259 11
580 3195 612 3243 16
633 3189 699 3243 abia
718 3189 745 3242 L
764 3190 916 3243 aviatioum
935 3208 956 3241 s.
975 3191 1074 3243 tritum
1093 3192 1122 3242 et

100 3261 234 3330 imposito
250 3265 276 3316 A
296 3261 384 3316 amati
403 3262 557 3315 amutioum
576 3281 597 3316 s.
617 3263 730 3314 tantum
749 3266 778 3315 et
796 3261 929 3330 imposito
949 3262 988 3315 ed.
1002 3279 1046 3330 pr.
1068 3265 1072 3329 1
1093 3266 1122 3313 et

101 3334 168 3403 imp.
184 3350 235 3388 om.
251 3333 278 3386 L
