2509 3892
439 121 579 177 MVLOM.
598 122 624 174 Π
643 126 747 175 83-85
1037 122 1100 186 175

88 293 215 351 hibetur.
263 292 295 351 si
318 290 426 369 gamba
453 292 501 351 vel
524 310 623 350 armus
651 293 704 350 aut
733 291 843 366 aliquis
872 292 954 350 locus
982 309 1017 348 ex
1039 290 1101 347 ictu

89 385 202 441 tumere
226 382 369 457 coeperit,
399 384 509 439 cretam
537 378 693 438 Cimoliam
723 383 754 438 et
779 378 930 440 rubricam
960 399 994 437 ex
1017 381 1101 438 aceto

90 473 232 531 acerrimo
254 469 418 529 macerabis
442 472 471 528 et
494 469 627 528 oblinies.

374 677 574 742 LXXXIV.
597 676 648 742 De
667 676 819 759 pamboso.

62 830 75 871 s
155 808 189 867 Si
212 807 387 885 gambosum
413 809 526 868 factum
549 808 641 866 fuerit
668 810 698 866 et
726 825 827 866 recens
854 808 953 882 passio
976 807 1030 881 est,
1061 800 1207 895 {71113ffl2

89 899 125 957 de
142 898 221 957 tibia
240 896 414 974 sanguinem
432 896 572 970 emittito,
594 898 697 955 lanam
715 896 847 955 sucidam
866 898 944 955 circa
963 915 1030 953 eum

88 988 192 1065 ligato.
240 984 318 1044 Cave
341 1005 378 1044 ne
400 986 544 1044 fomentes
569 988 622 1046 aut
645 986 776 1045 cauterio
798 988 919 1062 tangas:
942 987 1100 1060 utrumque

89 1079 169 1136 enim
198 1076 231 1133 in
260 1074 316 1134 tali
340 1076 491 1134 curatione
521 1078 702 1134 contrarium
732 1077 784 1133 est,
829 1074 981 1152 Malagma
1010 1074 1102 1132 cruda

89 1166 197 1239 uteris3
225 1164 315 1222 tertio
346 1163 393 1223 die
423 1182 538 1240 semper
567 1165 657 1223 solvis
688 1167 718 1222 et
747 1181 840 1222 curas.
888 1161 962 1221 (lum
991 1162 1100 1221 videris

50 1276 75 1316 uo
88 1254 202 1314 animal
224 1252 396 1330 profecisse,
424 1254 586 1312 caustioum
609 1253 732 1312 inducis,
779 1252 812 1310 Si
835 1252 914 1327 quod
935 1253 1101 1310 iumentum

87 1363 193 1404 coxam
215 1342 338 1420 fregerit
360 1343 414 1401 aut
436 1342 679 1419 supragambam‚
705 1343 780 1401 scias
803 1360 863 1399 non
885 1358 971 1417 posse
995 1341 1100 1415 curari,

87 1435 160 1509 quia
182 1432 346 1509 ligaturam
368 1432 444 1491 istae
467 1434 567 1507 partes
590 1433 690 1490 tenere
713 1449 773 1489 non
795 1433 927 1505 possunt.

229 1640 405 1704 LXXXV.
428 1640 478 1704 De
499 1639 550 1704 bis
572 1640 626 1721 qui
650 1639 814 1704 laeduntur
836 1661 857 1703 a
879 1639 963 1704 rotis,

155 1769 188 1829 Si
211 1772 377 1829 iumentum
400 1773 483 1829 rotae
507 1772 559 1828 aut
583 1772 646 1828 axis
668 1770 731 1828 ictu
748 1770 839 1828 fuerit
862 1771 976 1844 elisum,
999 1772 1031 1828 in
1062 1762 1207 1857 ξξξῑθξξξῦ

50 1860 199 1920 iareoenti
227 1860 327 1919 lanam
352 1860 486 1919 sucidam
509 1878 544 1918 ex
571 1862 655 1919 aceto
680 1861 710 1917 et
732 1859 797 1918 oleo
822 1860 955 1919 collinita
977 1877 1031 1935 per

86 1950 235 2023 triduum,
259 1951 328 2024 post
350 1948 440 2007 ficum
463 1948 612 2023 duplicem
636 1949 666 2006 et
688 1950 801 2005 nitrum
823 1949 936 2024 pariter
957 1950 1048 2006 terito
1072 1950 1101 2007 et

85 2039 248 2115 imponito,
279 2038 327 2096 die
353 2040 444 2097 tertio
472 2038 580 2097 solvito
611 2056 645 2096 ao
675 2040 826 2096 renovato.
874 2037 906 2096 Si
928 2038 1003 2095 nihil
1033 2057 1101 2114 pro·

125 2267 174 2387 491
195 2260 269 2315 cuir.
285 2278 307 2314 c.
323 2265 365 2313 41.
426 2265 459 2314 io
479 2258 551 2313 uhu.
568 2276 589 2313 c.
605 2265 640 2313 45
660 2259 875 2330 cf.Veg.114·1‚
891 2267 913 2314 1.
975 2267 1008 2316 14
1027 2260 1099 2315 onir.

11 2367 12 2396 p
88 2350 109 2386 c.
163 2376 168 2385 .

160 2517 174 2565 1
195 2509 344 2581 colligabis
354 2509 471 2564 interius
481 2511 531 2563 aut
542 2509 662 2592 aliquod
671 2509 746 2563 latus
761 2472 914 2564 uillicum
927 2509 967 2563 ire
978 2509 1102 2578 coeperit

87 2583 147 2638 Aa*
163 2587 167 2650 Ι
185 2597 279 2636 armus
294 2581 389 2650 aliquo
407 2580 469 2635 loco
488 2597 522 2635 ex
539 2583 599 2635 ictu
617 2581 713 2649 aliquo
727 2583 747 2634 t.
763 2597 785 2634 c.
800 2582 840 2635 ed.
853 2598 896 2649 pr.
911 2584 920 2649 υ
935 2586 950 2634 2
964 2580 1102 2635 lubricam

86 2655 125 2708 ad.
137 2670 183 2723 pr.
198 2652 310 2706 lubrica
322 2653 352 2705 in
367 2668 392 2705 a.
407 2652 561 2706 acrimonia
571 2655 599 2707 A
615 2654 618 2723 l
636 2669 699 2706 cum
714 2669 738 2707 a.
749 2651 901 2706 fortissimo
911 2655 939 2707 P
950 2654 958 2721 ΙΙ
973 2653 1101 2708 3111111-

87 2723 131 2778 bia
150 2725 180 2778 et
199 2723 302 2778 oblinis
320 2723 360 2778 ed.
373 2741 417 2792 pr.
435 2723 566 2778 miscebis
585 2727 614 2778 et
632 2724 715 2779 linies
732 2726 760 2779 P
776 2724 886 2778 curabis
906 2727 935 2778 et
952 2723 1060 2779 oblines
1074 2727 1102 2779 A

86 2796 244 2851 macerabis
263 2796 292 2849 et
310 2812 334 2849 o.
349 2795 420 2850 LM
433 2795 505 2851 oua.

160 2873 176 2920 5
196 2866 348 2937 gambosus
366 2866 458 2920 factus
476 2866 495 2920 f.
510 2868 538 2921 A
554 2869 558 2937 Ι
575 2867 592 2920 f.
611 2866 718 2921 animal
736 2867 776 2921 ed.
786 2885 831 2936 pr.
846 2870 884 2933 116
904 2867 1001 2921 emitte
1020 2869 1100 2921 et...

89 2938 256 3008 circumligat
274 2940 302 2993 P
333 2940 337 3007 Ι
372 2937 566 3009 circumligato
589 2940 629 2993 ed.
646 2955 689 3007 pr.
709 2938 776 2991 lana
794 2956 814 2992 s.
835 2938 1030 3007 circumligata
1047 2939 1075 2991 A
1096 2939 1099 3007 l

88 3008 193 3080 ligabis
213 3009 318 3063 circum
332 3009 465 3078 gambam
480 3008 552 3064 Oba.
567 3012 605 3080 ll
625 3008 758 3063 fomentis
776 3010 848 3079 culp.
863 3008 999 3063 sementes
1018 3009 1062 3063 vel
1077 3012 1105 3064 P

90 3096 122 3135 aa
140 3081 215 3135 bene
236 3079 368 3135 fomentis
391 3096 458 3134 cave
480 3096 516 3133 ne
539 3097 562 3134 o.
582 3083 601 3134 t.
617 3081 646 3133 A
676 3083 686 3149 ll
717 3086 733 3132 8
752 3080 923 3149 malagmate
947 3080 1032 3134 crudo
1051 3083 1079 3135 P
1093 3081 1102 3152 ll

91 3157 106 3204 9
125 3152 216 3206 solves
235 3153 262 3206 L
275 3156 284 3221 ΙΙ
299 3157 332 3205 10
351 3150 468 3206 animali
486 3154 532 3218 ΡΙ
553 3151 577 3204 si
596 3151 672 3220 quod
691 3152 742 3204 ete.
758 3167 807 3205 ora.
824 3153 871 3220 ΡΙΙ
886 3156 918 3204 11
938 3166 1102 3221 supr-agam-

90 3221 140 3277 bas
160 3223 221 3276 LA
234 3225 244 3292 ΙΙ
259 3228 291 3276 12
309 3225 405 3291 partes
423 3223 496 3277 istae
513 3222 652 3293 ligaturas
671 3223 710 3276 cd.
721 3239 766 3290 pr.
781 3223 809 3276 A

162 3299 198 3348 14
217 3297 266 3348 aut
284 3312 305 3347 r.
320 3295 359 3348 ed.
371 3311 416 3362 pr.
438 3296 442 3361 Ι
462 3293 568 3347 illisum
586 3295 613 3348 A
639 3298 642 3360 Ι
667 3295 746 3347 rotas
763 3292 808 3347 vel
827 3309 851 3346 a.
866 3292 925 3346 ictu
944 3309 978 3347 ex
995 3293 1102 3347 recenti

92 3363 178 3420 fuerit
191 3364 292 3420 elisum
307 3367 335 3420 P
345 3368 354 3434 ΙΙ
368 3371 402 3419 15
417 3364 551 3419 conlinito
566 3365 593 3418 L
608 3364 741 3435 colligato
753 3366 814 3419 AP
826 3364 974 3434 colligabis
987 3365 1027 3418 ed.
1034 3381 1078 3432 pr.
1093 3365 1103 3436 ll

93 3441 125 3489 16
143 3437 214 3491 fieus
228 3436 354 3505 duplices
369 3438 408 3491 ed.
420 3454 465 3505 pr.
482 3441 486 3507 Ι
501 3437 639 3505 piretrum
653 3438 680 3490 A
697 3440 700 3502 Ι
716 3436 823 3504 pariter
836 3435 934 3489 tritum
948 3435 966 3488 i.
981 3436 1021 3490 ed.
1033 3451 1077 3502 pr.
1096 3437 1099 3506 l

11 3529 13 3532 ·
94 3506 160 3562 ficus
180 3524 243 3561 cum
262 3509 335 3561 nitro
353 3509 436 3562 tritas
454 3508 574 3576 imponis
593 3510 621 3562 P
