2509 3892
182 133 247 197 184
620 133 754 188 VEGETI

182 301 280 359 cibum
298 302 422 361 daturus
441 303 555 362 radices
574 323 642 362 cum
660 303 742 362 foliis
757 302 826 375 suis,
845 304 916 377 quia
935 304 965 360 et
982 302 1180 379 purgationem

181 391 296 449 faciunt
328 394 358 450 et
389 393 464 450 vitio
494 392 662 466 medentum
685 393 863 466 faenumque
895 408 1084 467 conspersum
1112 408 1183 465 aqna

181 481 318 554 nitroque
337 480 501 555 praebebis,
520 482 567 539 die
586 500 621 540 ac
639 484 725 540 nocte
739 483 905 539 maceratos
925 481 1043 556 lupinos
1061 482 1094 537 in
1112 497 1182 554 aqna

181 585 359 644 rursumque
378 570 502 629 siccatos
520 570 674 645 praebebis
693 571 726 628 in
744 569 817 629 cibo.
859 568 985 628 Radices
1004 587 1120 644 quoque
1140 568 1183 626 vel

182 657 256 716 folia
278 658 441 717 cucumeris
464 659 601 733 silvatici,
625 678 703 734 quae
721 660 857 718 ventrem
879 660 1073 733 commovent,
1096 657 1213 716 eidems

147 746 280 820 Acabis,
309 751 344 806 ut
366 766 482 824 purges.
524 746 605 815 Quae
635 749 751 807 curatio
782 749 808 805 si
836 747 1001 806 morabitur
1024 748 1183 818 sanitatem

182 835 347 895 evocandus
371 839 417 894 est
433 836 547 895 humor.
590 836 724 905 Quatuor
741 839 843 911 itaque
866 835 968 914 digitis
992 836 1029 895 ab
1052 835 1183 894 umbilico

182 923 221 983 ad
243 928 393 984 veretrum
410 944 512 984 versus
531 927 643 1003 sagitta
665 944 787 1003 punges,
811 927 845 983 ut
867 928 1073 1001 peritonaeum
1095 927 1184 1001 ipsum

181 1031 315 1089 rumpas3
339 1014 390 1072 sed
413 1032 484 1073 cave
507 1035 543 1073 ne
561 1017 737 1074 intestinum
754 1018 862 1092 tangas
883 1017 915 1074 et
932 1015 1044 1073 animal
1066 1014 1183 1089 perima-

182 1105 238 1160 tur.
290 1101 421 1162 Subicies
453 1103 583 1163 fistulam
616 1104 792 1163 centetalem
822 1105 852 1162 et
883 1105 1008 1179 patieris
1039 1104 1183 1161 humorem
1194 1119 1213 1157 a

183 1209 302 1250 currere
326 1194 472 1266 quantum
490 1193 705 1251 existimaveris
727 1193 939 1266 necessarium3
962 1211 1052 1267 quem
1070 1194 1102 1249 in
1123 1208 1183 1250 vase

183 1280 319 1354 excipies.
373 1278 447 1339 Cum
478 1281 609 1340 fistulam
642 1281 812 1353 abstuleris
843 1281 901 1340 duc
934 1281 982 1339 vel
1011 1282 1072 1339 tria
1101 1296 1184 1358 graus

183 1368 253 1427 salis
285 1370 317 1427 in
348 1370 469 1447 plagam
497 1372 620 1444 inseres,
653 1390 689 1428 me
719 1368 876 1428 claudatur
907 1371 937 1428 et
966 1388 1055 1445 super
1084 1368 1184 1445 empla-

150 1458 305 1517 5stellum
327 1459 467 1534 impones.
508 1459 580 1517 Alia
603 1459 651 1517 vel
678 1461 768 1517 tertia
795 1458 842 1516 die
871 1460 959 1533 quasi
982 1457 1184 1535 epaphaeresin

185 1548 319 1606 factmus
343 1546 437 1605 denuo
464 1547 596 1607 fistulam
623 1567 766 1624 appones,
795 1547 948 1606 humorem
971 1549 1073 1622 eicies‚
1103 1547 1215 1605 donecrs

183 1656 238 1711 per
260 1638 359 1711 partes
389 1638 486 1694 totum
516 1637 650 1696 exsicces.
696 1637 778 1695 Tunc
806 1637 913 1695 vulnus
944 1636 1063 1695 curabis
1090 1637 1184 1695 solem·
1215 1643 1217 1650 ’

184 1726 263 1783 niter
291 1727 484 1801 potionesque
516 1726 695 1785 catharticae
726 1744 780 1802 per
809 1744 841 1784 os
870 1727 1041 1800 frequenter
1073 1725 1185 1803 (ligares.

184 1814 268 1872 Inter
296 1814 359 1871 dies
386 1833 478 1889 usque
508 1815 546 1874 ad
574 1815 711 1874 sudorem
738 1813 893 1873 exercebis.
942 1814 1066 1883 Quanto.
1091 1814 1187 1872 fortior

258 2078 271 2125 'l
293 2072 326 2126 cf.
342 2071 415 2127 chir.
431 2090 453 2126 c.
470 2077 529 2139 679,
545 2077 604 2126 708.
638 2072 830 2142 Veg.143,a.
906 2078 939 2126 10
958 2072 1032 2126 Chir.
1049 2091 1072 2127 c.
1086 2077 1143 2126 402.

257 2305 391 2359 ivitium
404 2305 432 2357 A
445 2306 484 2373 l3
503 2304 636 2373 nitrum.
651 2305 732 2372 Allfi
751 2304 870 2357 siccatos
884 2321 982 2359 recreate
999 2307 1100 2374 incepit
1111 2302 1185 2369 Les.

182 2395 211 2446 p.
228 2382 320 2443 182,1
336 2377 439 2430 siccato
458 2377 485 2429 A
510 2377 514 2444 1
538 2392 580 2444 pr.
600 2376 677 2430 cibos
696 2376 723 2429 L
741 2375 771 2428 in
790 2392 812 2429 c.
827 2392 877 2431 om.
892 2376 920 2428 A
950 2379 953 2444 Ι
986 2377 1108 2430 radicem
1126 2377 1185 2444 (coe

186 2451 223 2519 A)
238 2466 320 2516 quoq.
337 2464 358 2500 c.
374 2465 394 2500 s.
405 2446 449 2500 vel
463 2446 482 2499 f.
497 2447 537 2501 cd.
544 2465 588 2516 pr.
602 2448 630 2500 A
644 2450 652 2515 {l
667 2451 682 2499 ὁ
697 2448 828 2500 moveant
841 2446 880 2501 cd.
887 2464 931 2515 pr.
947 2447 1167 2503 commoveantA
1178 2444 1185 2512 ζ,

186 2519 366 2573 otardaverit
376 2536 396 2572 s.
407 2519 446 2572 ed.
450 2535 495 2588 pr.
506 2520 533 2572 A
547 2520 557 2587 ΙΙ
571 2522 585 2568 ‘l
597 2518 686 2587 igitur
696 2518 722 2572 G
735 2519 744 2587 ll
758 2521 774 2570 8
787 2517 918 2571 adversus
927 2535 952 2572 v.
963 2520 991 2572 A
1008 2522 1012 2588 Ι
1032 2534 1138 2588 pungas
1146 2521 1184 2569 cic.

186 2592 213 2645 L
231 2590 333 2659 pungis
352 2592 423 2660 curly.
458 2592 461 2657 Ι
495 2589 667 2657 peritonium
685 2590 711 2643 L
729 2589 903 2657 periconium
920 2590 959 2643 ed.
972 2607 1017 2658 pr.
1032 2593 1060 2644 A
1089 2592 1093 2660 l
1122 2591 1148 2642 et
1162 2604 1185 2655 p.

186 2663 279 2786 {lium
296 2659 523 2801 iussistis<
532 2662 565 2785 t
578 2661 872 2800 11111111
881 2658 1186 2802 1ᾛῖἐέὲίὲῖιῖΫῖ

187 2749 361 2856 resignarem
379 2804 407 2857 P
424 2802 601 2856 centimalem
619 2749 658 2857 eli
669 2820 714 2871 pr.
730 2803 757 2856 A
784 2806 793 2871 ΙΙ
819 2749 859 2855 ii
871 2818 937 2857 cure
955 2806 1108 2871 sequantur
1124 2797 1185 2855 etsi

188 2873 380 2927 aestimaveris
398 2874 551 2927 necessitas
575 2889 629 2941 que
649 2878 676 2928 A
710 2879 714 2940 Ι
749 2874 856 2927 aestim.
877 2872 963 2927 etiam
981 2875 1022 2928 ed.
1034 2892 1078 2944 pr.
1097 2892 1121 2927 n.
1139 2868 1185 2925 tibi

187 2943 327 2999 videbitur
340 2946 368 2999 P
381 2948 386 3014 1
402 2945 432 2998 in
445 2961 493 2998 vas
507 2944 625 3014 recipies
640 2947 688 3010 Pu
703 2951 735 2999 12
752 2944 771 2999 f.
787 2943 928 2998 abstulam
943 2944 1014 3000 abst.
1030 2948 1058 3000 A
1071 2949 1080 3015 ΙΙ
1095 2950 1125 2999 13
1142 2942 1185 2996 im·

186 3015 295 3070 miseris
314 3017 341 3069 A
359 3016 455 3069 mittes
475 3016 503 3069 P
525 3020 529 3085 l
554 3015 755 3085 implastcllum
775 3017 801 3070 L
826 3018 830 3084 Ι
856 3018 924 3070 ets.
945 3016 1126 3085 emplastrum
1142 3014 1185 3068 im·

187 3086 269 3157 ponis
288 3087 316 3139 P
331 3086 445 3156 insuper
463 3088 493 3140 et
514 3087 644 3156 pastillos
669 3087 789 3156 imponis
812 3088 852 3141 ed.
864 3104 909 3155 pr.
924 3090 951 3142 A
983 3089 992 3156 ΙΙ
1026 3094 1059 3141 14
1078 3088 1133 3142 alis
1148 3081 1185 3164 vel

188 3176 238 3213 om.
254 3159 299 3227 ΡΙ
316 3158 362 3211 die
381 3174 431 3212 om.
446 3159 473 3211 A
498 3160 502 3227 ί
527 3159 608 3226 quasi
633 3158 800 3228 apoferesim
818 3157 837 3210 f.
852 3159 912 3213 LP
929 3159 1098 3228 apoforesim
1114 3171 1185 3226 quau

188 3229 207 3283 f.
218 3230 258 3283 eol.
266 3247 310 3297 pr.
325 3229 407 3298 quasi
421 3227 560 3297 apoforesi
574 3229 691 3283 facturis
704 3231 731 3284 A
745 3231 754 3297 l
769 3235 802 3283 15
817 3230 906 3283 donec
915 3261 948 3269 —
960 3228 1166 3285 exsiccesomA
1177 3224 1185 3294 ll

190 3306 223 3354 16
238 3300 327 3354 donec
340 3302 434 3368 partes
446 3301 521 3352 totas
536 3301 643 3354 exiccet
655 3300 695 3354 ed.
702 3317 746 3368 pr.
762 3301 851 3354 donec
864 3318 890 3369 p.
901 3318 927 3370 p.
938 3304 1031 3355 totum
1045 3299 1186 3357 exsiccetur

188 3370 289 3423 vulnus
307 3371 337 3422 et
359 3369 452 3437 ipsum
471 3373 566 3422 curato
586 3388 606 3422 s.
622 3372 668 3438 ΡΙ
685 3372 839 3424 curandum
861 3371 901 3425 ed.
913 3388 956 3440 pr.
972 3374 1000 3426 A
1027 3375 1037 3442 ΙΙ
1065 3379 1096 3427 17
1114 3368 1184 3424 dabis

189 3440 223 3492 fir.
238 3441 277 3493 ecl.
289 3458 333 3508 pr.
349 3441 376 3494 A
394 3438 428 3491 fr.
443 3437 523 3490 dabis
542 3440 569 3490 P
580 3443 589 3507 ΙΙ
605 3447 637 3492 18
656 3441 779 3494 interdiu
798 3442 837 3496 eri.
849 3459 893 3510 pr.
915 3442 1029 3496 interim
1047 3446 1074 3498 A
1089 3446 1093 3510 Ι
1108 3452 1185 3509 usquc

192 3510 260 3563 dum
278 3510 360 3562 sudet
379 3510 418 3562 ed.
429 3524 474 3575 pr.
489 3511 516 3561 A
530 3511 593 3577 (at)
609 3512 613 3576 Ι
629 3510 739 3577 fortius,
759 3513 912 3567 mirandum
930 3520 976 3568 etc.
991 3515 1031 3568 ed.
1042 3532 1086 3583 pr.
1101 3515 1127 3567 A
