2509 3892
151 171 190 226 Vi
480 152 483 158 ’
536 170 578 224 ue
596 169 775 224 editionibus.

149 358 234 416 posse
253 341 301 400 vel
319 341 418 416 potius
442 338 547 398 debere
566 337 697 398 dividere
715 340 748 397 in
766 357 824 398 sex.
870 336 916 397 De
939 356 999 413 qua
1016 357 1049 396 re
1066 356 1167 413 pauca

149 430 241 488 liceat
262 428 324 486 iam
341 447 419 486 nunc
437 428 577 503 proferre,
600 447 638 486 ne
656 430 760 503 postea
778 428 810 486 in
828 427 993 486 tractandis
1012 426 1167 487 codicibus

148 512 234 577 nobis
256 536 356 576 morae
380 518 428 576 sit.

216 605 411 666 Schneiderus
429 607 509 665 enirn
528 597 570 687 (p.
591 597 691 686 8ssq.)
710 606 840 681 primunr
858 624 946 681 quem
964 604 1078 664 codices
1102 605 1167 663 edi·

149 697 304 771 tionesque
333 694 511 754 vetustiores
540 694 676 753 forebant
705 694 814 753 librum
846 696 878 753 in
908 693 981 753 duos
1011 696 1168 770 separavit

149 788 308 861 propterea
330 784 409 861 quod
432 784 463 842 in
485 784 568 843 illius
589 783 661 843 libri
683 802 747 859 cap.
767 785 855 858 29,1
881 784 923 843 sie
945 784 1095 859 professus
1119 786 1168 843 est

148 873 287 949 scriptor:
324 874 517 948 Quaecunque
538 876 694 947 passiones
715 874 787 947 plus
809 875 946 932 sunuass
967 874 1096 946 patruli
1118 875 1167 932 uu-

149 965 227 1037 ferre
244 966 453 1022 consueveram
470 966 496 1022 et
513 962 732 1036 difficilioribus
749 963 1019 1035 obscurissimusque
1033 962 1169 1036 mdipeut

147 1054 240 1121 curu,
269 1053 324 1111 bas
341 1043 474 1126 uuna)
502 1052 703 1125 amplectimur
725 1052 812 1120 libro,
839 1055 873 1109 ut
894 1055 921 1110 et
942 1051 1062 1124 taedius
1083 1068 1167 1124 repe·

147 1143 268 1200 uantur
289 1159 363 1215 quae
385 1143 419 1199 iu
441 1141 568 1200 erudis
589 1141 664 1213 ipsis
682 1144 831 1199 scaurus
853 1144 880 1199 ct
901 1140 1057 1214 laudibus
1079 1142 1168 1213 susti»

147 1230 231 1289 dirue
259 1247 319 1288 uon
336 1231 454 1303 possiet
482 1230 607 1304 aufem.
653 1229 753 1287 Primo
783 1230 878 1305 igitur
906 1228 983 1287 libro
1011 1246 1074 1288 sese
1101 1247 1166 1287 am·

149 1319 242 1394 plecti
264 1318 309 1377 ait
326 1318 468 1396 Vegetius
486 1318 638 1394 passiones
656 1318 838 1393 periculosas
856 1319 993 1393 curisque
1012 1316 1165 1391 difficiles:

148 1426 200 1466 our
223 1406 374 1483 amplexus
402 1409 455 1483 sit,
484 1409 548 1483 ipse
578 1409 691 1483 optime
719 1407 822 1466 eadem
848 1407 983 1466 illustrat
1009 1407 1108 1466 vorbis
1132 1407 1166 1465 in

147 1496 334 1572 praefatione
351 1498 445 1556 totius
469 1498 566 1572 operis
585 1497 691 1573 positis
709 1488 803 1575 his²):
824 1496 970 1570 indigesta
992 1499 1019 1554 ct
1039 1498 1166 1570 coefum

146 1589 217 1643 suat
238 1588 338 1644 uuuia
361 1582 454 1660 [apud
477 1583 636 1644 Chironem
658 1578 814 1663 nimirum]
837 1589 871 1643 ut
891 1589 1009 1658 partera
1031 1586 1166 1658 aliquam

147 1676 308 1733 curationis
329 1677 479 1748 quaerenti
502 1691 614 1734 accuse
640 1677 680 1733 sit
706 1691 805 1733 errare
822 1691 880 1747 per
901 1674 1012 1742 titulos,
1040 1692 1106 1733 cum
1129 1675 1166 1734 de

149 1763 256 1822 eudem
273 1764 464 1837 passionibus
486 1764 549 1822 alia
566 1763 696 1822 remedia
717 1765 752 1822 iu
769 1765 870 1836 capite
894 1764 956 1822 atta
973 1765 1166 1822 iaculantur

147 1854 181 1910 r'u
203 1853 269 1924 tue.
315 1850 458 1930 Digerore
484 1852 579 1928 igitur
601 1853 670 1910 vult
696 1870 831 1927 eaquae
857 1852 936 1928 apud
960 1854 1096 1910 auctores
1118 1851 1164 1910 in·
1254 1857 1255 1884 ³

148 1943 272 2000 venerat
293 1940 450 2019 indigesta,
473 1943 509 1999 ut
531 1959 567 1999 ea
591 1959 667 2017 quae
689 1942 769 1999 inter
791 1959 822 1999 se
845 1942 1003 2000 cohaerent
1026 1959 1165 2016 quaeque

147 2030 186 2089 ad
214 2049 308 2089 unum
337 2029 520 2106 eundemque
550 2032 613 2089 sive
642 2030 778 2089 morbum
806 2031 957 2105 pertinent
987 2030 1049 2089 sive
1079 2048 1164 2088 cura·

147 2119 395 2193 turismodum,
425 2121 583 2178 coniuncta
611 2121 727 2195 possint
756 2118 853 2196 legere
881 2118 1091 2194 commodeque
1119 2118 1165 2177 in·

146 2208 247 2266 venire
278 2209 305 2266 ei
335 2208 443 2283 quibus
472 2208 586 2267 sanitas
619 2210 822 2266 iumentorum
854 2207 936 2268 cordi
965 2208 1013 2266 sit.
1065 2207 1165 2285 Igitur

147 2298 279 2372 primum
297 2297 414 2375 colligit
432 2297 518 2376 signa
532 2288 562 2377 (I
578 2289 678 2378 1-9)
698 2314 842 2371 suasque
857 2288 886 2377 (I
903 2287 1047 2376 10—20)
1066 2296 1164 2356 morbi

148 2387 391 2462 periculosissimi
418 2387 470 2462 qui
493 2386 657 2447 vocabatur
682 2386 809 2461 maleus;
837 2384 981 2445 accedunt
1002 2389 1164 2461 praecepta

147 2474 183 2532 de
206 2475 394 2554 generalibus
417 2476 556 2534 remediis
579 2475 618 2534 ad
641 2493 741 2535 omnes
763 2474 883 2534 morbos
904 2474 1086 2533 utilissimis:
1114 2475 1164 2533 de·

146 2565 294 2623 tructione
313 2566 467 2642 sanguinis
487 2556 516 2646 (I
532 2557 678 2645 21-27)
702 2563 786 2623 etde
809 2565 926 2622 ustione
946 2555 975 2644 (I
991 2556 1055 2644 28).
1098 2563 1164 2622 Iam

146 2656 313 2726 sequuntur
334 2655 487 2727 passiones
510 2673 545 2712 ex
567 2653 700 2712 febribus
728 2656 812 2711 ortae
836 2644 866 2733 (Ι
885 2653 1024 2711 29—36.
1047 2652 1078 2710 Il
1099 2656 1164 2710 1-

148 2733 299 2820 SSchn.).
341 2739 419 2809 Quid
447 2739 662 2801 Schneiderus?
706 2740 842 2800 Indicare
867 2740 1026 2819 Vegetium
1053 2759 1117 2800 sese
1145 2760 1164 2800 a

146 2828 257 2888 morbis
287 2827 505 2887 difficilioribus
534 2831 663 2888 transire
692 2830 729 2887 sd
756 2832 854 2889 minus
877 2849 995 2909 graves3
1026 2833 1164 2906 oportere

147 2918 244 2995 igitur
267 2917 304 2976 ab
327 2918 382 2977 hoc
406 2919 503 2992 capite
525 2937 636 2977 novum
661 2917 783 2992 librum,
811 2919 985 2996 secundum,
1009 2919 1164 2998 distingui,

148 3005 228 3081 quod
250 3005 394 3083 Vegetius
422 3006 489 3065 istis
517 3006 615 3066 verbis
646 3008 732 3083 quasi
760 3009 850 3084 primi
879 3009 949 3068 libri
978 3026 1165 3068 consumma·

146 3095 258 3153 tionem
276 3094 394 3170 reddat3
413 3095 479 3155 istis
498 3095 577 3154 enim
594 3097 668 3172 ipsis
687 3097 785 3156 verbis
804 3115 878 3172 quae
893 3101 927 3157 r'u
944 3098 1071 3157 curctis
1088 3100 1165 3171 ipsis

147 3188 297 3244 occureret
308 3184 440 3243 indicere
450 3185 624 3263 scriptorem
638 3186 759 3244 initium
773 3188 844 3246 noui
852 3187 935 3246 libri!
967 3187 1004 3245 In
1014 3206 1074 3262 quo
1087 3188 1165 3247 mire

237 3409 263 3477 1)
288 3407 347 3462 Urso
366 3407 452 3462 codex
470 3407 500 3461 P.
602 3411 628 3479 2)
648 3414 694 3475 §4
713 3408 748 3464 of.
764 3409 850 3463 etiam
864 3409 889 3462 Π
904 3414 946 3475 36,
962 3415 977 3462 2
997 3416 1028 3465 ut
1046 3411 1112 3465 ordo
1132 3412 1165 3465 iu

146 3478 272 3533 medeudr‘
284 3478 462 3547 dispositione
474 3487 594 3536 seruetur
607 3498 642 3536 ue
656 3481 792 3552 indigesta
807 3522 813 3535 .
829 3522 836 3535 .
852 3522 858 3535 .
869 3483 978 3553 papius
992 3489 1165 3551 querentem

143 3550 301 3616 confuudat
319 3559 369 3607 aut
387 3551 482 3606 tardet.
