2509 3892
415 165 556 221 uvion.
574 164 679 219 raon.
1018 166 1060 229 15

50 333 165 393 damnis
198 338 318 394 careant
352 337 383 393 et
413 333 620 409 voluptatibus
657 333 858 410 perfruantin.
912 334 970 393 Sed
1006 335 1059 394 alii
1072 343 1113 400 14

47 423 148 482 morbi
167 427 245 498 sunt,
269 424 321 500 qui
345 443 379 482 ea
403 424 521 482 tantum
544 422 699 498 animalia,
728 441 805 498 quae
832 427 1060 501 occupaverunt,

49 514 165 588 vexant,
189 513 240 572 alii
263 514 355 573 etiam
375 513 412 571 ab
434 530 495 570 uno
519 512 566 572 vel
584 512 688 587 paucis
710 516 878 589 coeperunt,
900 513 932 571 in
950 513 1059 591 plures,

48 600 107 677 qui
130 602 237 677 pariter
264 602 455 661 stabulantur
480 602 530 661 vel
556 600 692 675 aluntur,
722 604 753 659 et
778 602 811 659 in
837 604 917 661 totos
940 602 1059 679 saepius

21 708 151 768 egreges
168 691 340 751 saevissima
359 690 534 767 contagione
553 690 778 768 transmigrant,
800 694 836 748 ut
853 692 991 766 quamvis
1014 709 1060 750 sa-

47 798 123 837 num
135 781 243 839 animal
255 780 337 838 intra
350 780 440 839 breve
458 782 578 855 tempus
592 779 708 838 alienae
723 778 918 856 aegritudinis
938 779 1059 838 afflante

48 867 155 928 vicinia
178 871 300 947 repente
328 869 475 945 depereat.
517 868 639 927 Rectius
669 871 714 927 eat
743 887 813 946 ergo
843 888 946 928 eorum
974 868 1111 944 prius15

48 957 215 1018 morborum
238 961 270 1017 et
298 958 386 1035 signa
416 961 446 1016 et
473 975 578 1017 causas
608 956 778 1033 praedicere
806 975 950 1034 curasque
977 977 1059 1016 mon-

50 1048 149 1123 strare,
166 1048 218 1124 qui
232 1046 362 1124 quodam
379 1048 509 1105 transitu
522 1046 659 1122 pluribus
673 1050 787 1105 nocent.
823 1047 903 1105 Nam
918 1046 1058 1106 adversus

17 1155 36 1194 ιο
48 1135 159 1195 maiora
180 1135 337 1212 dispendia
358 1136 502 1195 maiorem
524 1134 756 1194 sollicitudinem
778 1139 896 1212 oportet
917 1134 1058 1212 impendi.

47 1223 147 1284 Prima
166 1225 263 1303 igitur
283 1224 483 1285 iumentorum
505 1223 622 1283 utilitas
646 1227 692 1283 est
714 1224 827 1283 domini
848 1225 897 1284 vel
919 1243 1058 1301 procura·
1070 1230 1111 1288 16

49 1314 123 1373 toris
147 1315 194 1374 vel
222 1314 353 1391 pastoris
379 1314 474 1390 ipsius
504 1332 588 1373 amor
618 1316 708 1390 atque
736 1313 901 1391 diligentia.
953 1313 1057 1374 Comes

49 1404 128 1460 enim
147 1423 262 1480 semper
289 1404 334 1463 est
361 1402 525 1463 affectionis
545 1402 712 1477 industria,
740 1406 770 1461 et
791 1403 954 1463 incolumia
977 1403 1058 1480 cupi·

49 1510 115 1550 mus
136 1512 325 1569 quaecunque
347 1490 507 1570 diligimus.
549 1491 672 1551 Domita
700 1493 842 1551 animalia
865 1494 920 1551 aut
940 1511 1058 1568 pracse-

17 1599 37 1638 ιε
49 1579 134 1653 pibus
155 1583 276 1641 aluntur
299 1585 352 1640 aut
369 1583 468 1657 pastu,
489 1580 636 1640 indomita
654 1580 810 1640 latioribus
829 1582 1004 1640 nutriuntur
1026 1582 1058 1639 in

51 1669 177 1730 saltibus
220 1670 336 1731 Cotidie
355 1690 425 1748 ergo
439 1671 488 1729 vel
506 1670 744 1746 frequentissime
759 1670 906 1746 speculari
920 1671 1058 1730 convenit

49 1756 179 1905 habptum
207 1760 425 1836 iumentorum,
458 1777 529 1817 nam
559 1758 753 1836 diligentibus
784 1759 904 1819 morbus
934 1760 997 1837 ipse
1027 1777 1058 1819 se

49 1865 101 1920 pro
124 1848 151 1907 ‘t

119 2040 134 2087 1
150 2038 266 2089 utantur
280 2036 306 2089 F
311 2036 339 2088 A
352 2038 362 2105 ΙΙ
380 2040 396 2089 3
416 2035 466 2089 alii
479 2035 548 2091 licet
561 2034 597 2089 ab
615 2053 671 2089 uno
687 2035 830 2105 coeperint
847 2036 877 2088 in
895 2035 989 2104 plures
1008 2036 1057 2103 qui

49 2103 152 2170 pariter
175 2106 206 2160 in
234 2107 332 2161 eodem
360 2106 471 2162 stabulo
500 2107 614 2161 aluntur
632 2106 726 2163 Pelii
754 2109 841 2161 etiam
869 2107 904 2161 ab
932 2124 987 2161 uno
1013 2107 1057 2161 vel

49 2176 222 2240 paucioribus
245 2193 319 2248 quae
341 2180 461 2248 pereunt
480 2178 510 2231 in
535 2178 617 2248 plura
642 2195 715 2247 quae
733 2179 773 2233 cd.
784 2197 828 2248 pr.
847 2179 936 2249 calpe.
968 2181 977 2247 ΙΙ
1008 2185 1058 2233 4a

51 2246 105 2299 toto
124 2266 145 2302 s.
163 2265 247 2320 grege
262 2251 322 2304 ΡΑ
348 2253 358 2320 ΙΙ
385 2249 568 2319 saepissima
586 2251 647 2305 ΓΑ
673 2253 683 2320 ΙΙ
711 2256 812 2320 'largo
831 2252 875 2304 est
892 2252 920 2304 P
944 2252 953 2320 ΙΙ
985 2254 1056 2304 8111.

51 2331 145 2373 causas
163 2323 191 2375 et
213 2338 234 2376 s.
249 2322 278 2375 P
294 2321 372 2391 prius
393 2338 489 2375 eorum
507 2339 543 2375 m.
564 2338 586 2375 c.
607 2323 636 2375 et
654 2339 674 2375 e.
694 2322 725 2375 F
752 2324 761 2391 ΙΙ
795 2327 827 2375 10
845 2321 953 2389 imponi
972 2321 1057 2392 ΒΑΗ

53 2391 82 2439 11
100 2390 156 2445 eive
170 2391 292 2461 pastoris
306 2395 334 2447 P
345 2395 354 2463 ll
369 2398 402 2446 13
417 2394 446 2447 et
459 2409 509 2447 oon.
522 2394 548 2446 I«
554 2395 582 2448 P
593 2393 726 2517 psemper
740 2409 801 2461 cup.
813 2393 872 2446 FP
883 2395 892 2460 ΙΙ
908 2397 940 2445 15
955 2391 1057 2443 alimus

51 2456 141 2527 Plll
159 2479 214 2517 non
232 2463 259 2518 d.
274 2464 382 2518 Anam
399 2464 516 2535 nonFl
532 2481 594 2519 mor
612 2464 637 2518 ia
656 2467 684 2519 A
700 2465 704 2535 Ι
720 2464 781 2532 ipae
798 2462 895 2532 prodit
912 2463 940 2515 P
955 2462 974 2514 i.
993 2478 1056 2529 pro-

52 2529 123 2585 cedit
140 2534 198 2588 FA
268 2536 427 2605 Sequerentur
444 2537 568 2605 capitulo
586 2537 652 2592 libri
669 2538 689 2590 1
704 2537 736 2589 ia
754 2535 852 2589 nFP.
