2509 3892
459 200 599 256 MVLOM.
618 193 658 254 IV
677 208 691 255 1
1022 195 1088 267 279

66 370 158 429 cubili
181 371 357 428 muniantur
380 372 410 429 et
433 372 459 429 si
481 370 546 429 fieri
567 374 667 447 potest
691 389 807 447 semper
828 372 895 430 foco
918 373 1011 432 vicini
1028 375 1104 431 sint'

1 471 2 500 ³
68 459 165 519 boves.
212 460 346 529 Quodam
369 459 613 519 enimbaneficio
644 461 778 520 naturali
805 451 952 519 eiusmodi
974 464 1124 532 anima-2

1 573 2 586 ¹
68 548 145 607 libus
169 566 285 623 semper
311 549 390 627 ignis
418 548 606 608 commodum
635 553 693 623 est,
723 551 786 609 sive
811 551 889 625 quod
919 551 1035 610 inutilis
1060 553 1090 610 ct

1 689 2 696 ,
69 639 193 713 pestifer
214 637 323 697 humor
340 639 466 698 exsudat
483 640 546 697 sive
569 643 745 716 conceptum
767 642 800 698 in
817 641 907 715 pastu
930 639 978 698 vel
1001 659 1089 716 opere

36 728 163 804 'sfrigus
187 727 346 802 expellitur
369 729 432 786 sive
455 731 485 787 et
507 728 696 789 flammarum
718 728 818 786 halitu
833 729 960 786 'interna
984 746 1090 788 curan·

1 867 2 894 1
67 819 125 874 tur.
173 815 366 892 Praesepium
397 819 516 894 oportet
551 820 720 876 extructum
752 835 815 877 esse
847 817 1020 896 diligenter,
1051 822 1123 878 ne3

66 905 140 980 quid
162 904 267 980 pabuli
288 907 368 964 inter
390 907 479 983 pedes
503 907 680 966 animalium
706 909 818 983 pereat.
858 906 964 966 Bovile
988 909 1089 965 autem

1 993 2 1058 I
65 994 131 1053 loco
154 996 233 1053 sicco
256 995 447 1054 statuendum
474 998 519 1056 est
542 994 718 1071 assidueque
745 988 950 1054 mundandum
977 998 1022 1055 est
1044 998 1089 1054 ita

1 1089 2 1120 ³
66 1087 101 1142 ut
123 1083 233 1143 cotidie
261 1082 407 1160 pabulum
436 1083 475 1142 ad
499 1084 647 1143 edendum
675 1085 782 1143 inutile
805 1084 1024 1160 substernatur,
1054 1087 1089 1143 ut

29 1172 157 1235 robores
180 1174 287 1232 siccius
311 1174 341 1232 et
363 1174 483 1232 mollius
503 1174 618 1233 cubent.
660 1173 719 1233 Per
741 1188 859 1251 quoque
878 1174 1012 1234 studium
1034 1176 1124 1249 est,4

1 1273 2 1316 l
66 1281 135 1321 cum
157 1261 248 1321 bores
274 1265 454 1321 revocantur
481 1281 516 1322 ex
538 1282 640 1339 opere,
671 1266 705 1322 ut
728 1264 805 1323 colla
836 1283 938 1322 eorum
961 1283 995 1322 ex
1018 1265 1088 1323 vino

65 1351 178 1427 tepido·
191 1351 412 1427 perfundantur
429 1354 460 1411 et
482 1352 650 1411 diutissime
668 1353 874 1428 perfrieentru.
921 1352 996 1411 Cum
1018 1354 1123 1413 vorot

64 1441 103 1498 de
127 1442 178 1499 via
200 1441 249 1500 vel
271 1443 360 1516 pastu
382 1440 509 1500 redeunt
527 1443 679 1517 lutulenti,
702 1443 881 1517 priusquam
904 1441 1090 1501 deducantur

1 1521 2 1526 ¹
66 1529 105 1588 ad
117 1528 227 1603 bovile,
246 1528 382 1589 adbibita
397 1549 477 1607 aqua
490 1530 625 1589 diluendi
645 1534 714 1591 sunt
728 1530 827 1607 pedes,
845 1550 881 1589 ne
900 1521 1088 1591 inhaerentes

29 1633 53 1680 rs
66 1621 184 1695 corpori
202 1619 302 1677 sordes
321 1619 421 1679 ulcera
435 1622 577 1697 generent
594 1622 643 1680 vel
661 1621 790 1698 ungulas
805 1617 919 1679 faciant
937 1621 1088 1681 molliores

1 1707 2 1716 ’
65 1707 113 1767 vel
137 1710 217 1767 certe
235 1707 403 1768 molestiam
421 1709 670 1769 manducantibus
689 1711 738 1769 vel
758 1709 995 1785 inquietudinem
1019 1709 1089 1769 affe-
1132 1711 1134 1720 ¹

1 1813 2 1862 1
65 1800 134 1856 rant
167 1797 350 1856 dormituris.
400 1797 485 1857 Sicut
516 1799 612 1858 hieme
638 1802 721 1859 omm'
752 1800 887 1859 sollertis
915 1800 1010 1877 frigus
1043 1800 1123 1859 estd

1 1883 2 1932 l
65 1885 295 1962 prohibendum,
322 1888 367 1945 ita
391 1889 513 1946 aestivis
536 1887 687 1947 mensibus
711 1907 785 1948 aura
809 1889 986 1963 quaerenda.
1032 1888 1090 1948 Per

1 1975 2 2044 J
65 1976 144 2034 diem
167 1977 264 2053 igitur
290 1977 322 2033 in
349 1975 468 2045 umbra,
497 1996 552 2052 per
576 1980 695 2036 noctem
722 1978 776 2037 sub
803 1977 873 2037 divo
896 1977 985 2037 bores
1009 1980 1088 2037 stare

29 2087 52 2126 ro
66 2067 214 2124 convenit.
261 2064 329 2122 Non
353 2068 434 2124 enim
456 2067 625 2143 pauciores,
653 2069 680 2126 si
703 2068 918 2147 aestuaverint,
948 2086 1040 2142 quam
1062 2069 1122 2127 sil

65 2155 199 2228 alserint,
223 2153 369 2232 colligunt
391 2155 517 2214 morbos.
558 2155 718 2215 Praeterea
735 2149 828 2214 unum
851 2173 940 2214 ovum
963 2156 1089 2215 crudum

1 2245 2 2254 ’
34 2305 35 2308 ,
65 2263 132 2303 cum
162 2243 283 2303 hemina
313 2243 384 2302 salis
417 2247 447 2303 et
476 2246 639 2304 sextarium
668 2246 733 2305 vini
762 2264 815 2322 per
844 2244 962 2323 singula
987 2247 1088 2320 capita
1133 2298 1135 2302 .

64 2334 193 2409 septimo
223 2332 272 2391 die
301 2332 428 2391 diffundi
457 2334 698 2410 percommodum
728 2337 781 2393 est.
826 2333 917 2393 Iuvat
946 2334 1038 2393 etiam
1061 2336 1122 2393 sid

65 2423 159 2489 elium
177 2423 300 2481 tunsum
321 2421 436 2482 hircino
455 2423 579 2493 misceas
602 2442 692 2497 sevo„
704 2422 827 2481 herbam
845 2440 963 2499 quoque
985 2423 1088 2481 verbe·

29 2531 52 2572 ae
65 2530 135 2569 nam
159 2511 295 2570 additam
313 2511 443 2587 deteras,
465 2515 566 2571 rutam
589 2516 619 2571 et
642 2514 705 2571 ervi
727 2513 871 2588 pollinem
894 2513 1033 2589 iniungas
1057 2515 1088 2571 et

136 2670 152 2717 2
172 2663 295 2732 quodam
314 2663 438 2716 naturali
451 2663 587 2718 beneficio
601 2664 646 2718 his
663 2681 708 2719 an.
728 2663 838 2734 semper
856 2663 874 2719 i.
890 2664 1087 2719 accommodus

64 2737 152 2805 atque
169 2734 249 2788 utilis
269 2736 320 2800 est,
338 2737 371 2788 ut
388 2734 507 2803 pestifer
524 2735 625 2790 humor
642 2737 757 2791 recedat
775 2739 804 2790 et
821 2736 911 2807 frigus
931 2735 1088 2805 expellatur

1 2861 2 2872 ,
64 2811 93 2861 ct
109 2806 138 2861 fl.
158 2806 186 2858 h.
205 2805 340 2860 interiora
359 2808 491 2860 curentur
510 2808 587 2876 Ρ114
607 2825 641 2861 ex
659 2810 744 2877 pastu
764 2809 804 2862 ed.
816 2826 861 2879 pr.
876 2809 915 2877 116
935 2807 992 2862 sive
1011 2807 1041 2860 in
1059 2807 1086 2860 fl.

63 2878 103 2933 cd.
115 2895 161 2947 pr.
178 2879 205 2932 A
219 2880 228 2947 11
247 2882 263 2930 6
281 2877 429 2947 praesepia
448 2895 472 2932 o.
489 2880 614 2933 construi
632 2881 660 2933 P
682 2880 686 2949 1
711 2881 854 2933 extrusum
873 2881 901 2934 A
923 2880 933 2950 1
956 2878 1088 2950 ‘lbubile

64 2953 161 3004 autem
179 2949 209 3002 iu
227 2948 289 3003 loco
308 2949 402 3003 calido
417 2950 465 3018 Ρ11
479 2949 556 3003 cita
575 2950 651 3019 quod
670 2951 709 3004 ed.
721 2968 766 3020 pr.
781 2954 790 3021 11
806 2956 839 3004 10
857 2968 957 3020 perum
975 2967 1088 3021 quoque

1 3033 2 3036 ’
63 3020 204 3090 (qnotidie
222 3021 263 3074 cd.
274 3023 331 3089 pr.)
349 3019 498 3074 fastidium
516 3022 556 3075 cd.
568 3039 613 3090 pr.
628 3023 656 3075 A
669 3025 679 3092 11
694 3027 726 3075 11
747 3038 781 3076 ex
799 3039 850 3077 om.
870 3024 966 3092 Ρ1112
985 3021 1088 3076 confri-

63 3095 164 3147 cantur
182 3093 210 3146 A
227 3090 288 3146 fric.
304 3094 331 3146 P
351 3094 361 3160 11
385 3098 418 3146 13
437 3091 592 3146 luculentia
615 3092 744 3146 adhibita
762 3111 803 3162 pr.
823 3095 862 3148 cd.
877 3110 922 3162 pr.
938 3095 966 3149 A
984 3111 1025 3164 pr.
1044 3093 1088 3147 in-

63 3165 206 3218 ducantur
227 3163 258 3217 in
282 3163 379 3217 bubile
402 3164 466 3217 adh.
482 3166 510 3218 P
538 3166 548 3232 11
581 3169 614 3217 14
634 3167 700 3217 sunt
718 3181 768 3219 orn.
784 3166 824 3219 ed.
842 3181 885 3234 pr.
905 3166 933 3220 A
964 3168 974 3235 11
1006 3169 1039 3218 16
1059 3167 1088 3219 et

63 3237 139 3289 certe
155 3277 161 3288 .
179 3254 190 3287 .’
200 3233 320 3289 afferunt
334 3236 383 3303 Ρ1
398 3240 430 3288 11
450 3235 500 3289 sed
518 3234 545 3288 h.
565 3236 605 3290 cd.
616 3251 662 3304 pr.
682 3236 732 3290 sed
751 3253 814 3289 cum
828 3236 855 3289 h.
871 3237 898 3290 A
917 3236 941 3289 si
960 3253 1025 3290 cum
1039 3236 1088 3308 Ρ11

65 3312 97 3360 18
115 3306 160 3360 ita
179 3308 208 3361 P
223 3307 313 3362 velA
330 3306 409 3361 velut
427 3307 468 3360 ed.
479 3325 524 3377 pr.
548 3309 552 3375 1
573 3323 646 3376 pura
665 3324 733 3361 aura
752 3308 791 3361 ed.
803 3325 848 3378 pr.
865 3311 869 3377 1
886 3323 984 3361 auram
1002 3322 1087 3375 quae·

64 3379 184 3432 rendum
203 3379 231 3433 A
252 3381 262 3447 11
290 3383 323 3432 19
343 3378 440 3432 subu.
460 3380 557 3447 edpr.
581 3381 590 3447 11
619 3383 654 3432 20
672 3396 700 3448 p.
715 3395 750 3432 ex
769 3381 849 3433 cestu
867 3395 952 3447 quam
967 3394 1002 3432 ex
1020 3377 1087 3447 gelu

63 3449 234 3519 proveniunt
247 3449 380 3507 morbi‘P
391 3452 401 3519 11
415 3456 449 3503 22
463 3450 649 3519 sextario-Pil
662 3455 697 3503 23
713 3450 759 3503 die
772 3466 823 3504 om.
839 3451 879 3506 cd.
890 3467 935 3520 pr.
951 3451 979 3505 A
994 3451 1000 3518 1
1014 3449 1087 3503 utile

63 3524 109 3575 est
126 3523 154 3575 P
180 3522 191 3590 11
220 3526 254 3574 25
273 3538 295 3575 r.
309 3521 533 3576 herbametiam
551 3539 578 3591 p.
594 3523 634 3576 ed.
645 3539 691 3591 pr.
707 3523 735 3576 A
753 3521 853 3575 addita
871 3521 1003 3587 berbena,
1021 3523 1087 3575 ruta

64 3594 94 3646 ct
111 3591 220 3662 polline
238 3592 338 3647 horsbi
357 3593 432 3647 tritis
451 3596 480 3647 ct
499 3610 563 3647 cum
580 3610 604 3646 v.
621 3595 667 3661 ΡΙ
683 3593 804 3661 inungas
825 3593 906 3647 Geso.
