2509 3892
429 85 622 187 ‘uvcouu
642 140 731 202 11,12
1033 133 1094 197 107

85 302 240 377 micantes,
268 303 304 359 ut
333 301 372 360 ad
401 302 497 361 instar
525 302 738 362 indomitorum
767 321 821 361 uec
851 305 918 378 oapi
944 304 1040 379 possit
1066 306 1096 361 et

84 394 208 467 captum
240 391 405 467 parietibus
436 409 467 450 se
503 391 622 450 illidens
659 394 782 450 conetur
813 391 954 468 effugere3
985 394 1097 451 terram

82 480 208 556 pedibus
237 480 332 540 fodiet
364 482 395 539 et
429 481 557 539 multum
588 480 738 558 flegmatis
775 500 810 538 ex
847 498 896 539 ore
927 481 1094 557 profundet.

84 569 168 638 Quod
191 570 247 629 hac
268 570 385 628 ratione
409 572 542 643 cursim,
565 572 600 627 ut
622 571 777 628 auferatur
798 570 826 628 ei
849 571 969 647 sanguis
992 570 1028 628 de
1051 572 1129 628 iul

61 658 235 735 sgularibus
258 660 355 733 veum,
385 657 421 718 de
449 658 552 734 palato
576 659 697 734 etpost
725 659 761 716 de
791 658 934 717 cruribus.
980 658 1008 715 A
1030 659 1095 717 cibo

84 748 185 806 eadem
214 748 263 807 die
293 746 477 807 abstineatur
508 751 539 806 et
569 750 657 822 potu,
690 747 751 807 alia
780 749 880 807 autem
912 748 959 806 die
988 766 1096 822 aquam

84 836 223 914 frigidam
252 836 336 895 dabis
367 836 394 895 ei
423 835 532 895 bibere.
584 836 769 895 Auferantur
800 838 929 896 stercora
959 854 1035 911 quae
1064 839 1130 896 in3

84 944 137 983 ano
160 928 225 985 eius
248 929 331 1000 sunt,
360 944 414 1001 per
443 926 635 1000 quatriduum
663 925 835 984 continuato
863 926 989 1002 clystere
1013 943 1095 983 cura-

84 1012 161 1072 bitur
178 1018 292 1089 venter,
310 1017 493 1091 perungatur
511 1014 671 1088 cerebrum,
690 1017 801 1073 secreto
816 1014 1009 1074 collocabitur
1022 1015 1096 1087 loco,

52 1105 208 1179 reaccipiet
231 1104 269 1161 ad
292 1103 490 1162 substantiam
512 1121 615 1179 porros
639 1106 669 1162 et
692 1103 815 1162 herbam
837 1107 868 1162 et
889 1104 1096 1162 mollissimum

83 1191 208 1251 faenum.
268 1192 324 1251 His
365 1192 535 1267 potionibus
575 1192 805 1268 percurandum:
846 1193 976 1270 pulveris
1019 1194 1131 1252 turiei

84 1280 179 1341 druch.
198 1282 227 1355 I,
250 1283 328 1340 aceti
351 1281 413 1339 albi
436 1284 507 1340 sext.
526 1281 555 1355 Ι,
577 1281 685 1341 radicis
709 1285 829 1357 panacis
853 1302 917 1342 unc.
936 1283 964 1357 Ι,
987 1283 1095 1341 herbae
1145 1311 1150 1320 1

85 1372 248 1449 saxifragac
271 1389 337 1429 unc.
356 1370 416 1440 ΙΠ,
444 1390 479 1429 ex
502 1389 581 1445 aqua
603 1370 701 1430 mulsa
723 1391 776 1446 per
806 1390 837 1430 os
860 1371 953 1431 dabis.
995 1370 1095 1429 Laetis

83 1461 195 1534 caprini
224 1461 297 1519 sext.
321 1459 336 1517 I
364 1459 500 1517 defundis
526 1462 558 1517 in
586 1460 695 1519 fauces.
741 1458 852 1528 Quodsi
877 1460 1017 1533 defuerit,
1046 1479 1095 1535 cy-

55 1549 196 1608 uminum
218 1550 363 1608 rusticum
381 1548 479 1624 pondo
499 1548 557 1608 duo
575 1550 607 1606 in
625 1549 778 1624 pulverem
796 1548 912 1625 rediges
935 1548 1095 1624 additoque

85 1636 138 1696 olei
161 1639 270 1715 optimi
291 1656 351 1696 uno
374 1637 461 1697 obolo
485 1657 519 1696 ex
544 1655 623 1712 aqua
651 1638 748 1696 mulsa
770 1638 910 1697 diffiindis
933 1638 972 1696 ad
995 1658 1094 1697 cornu.

86 1723 139 1784 Sed
151 1728 258 1787 ceteris
271 1727 356 1803 potio
369 1728 442 1786 haec
458 1727 557 1802 aptior
570 1726 713 1785 credituri
727 1727 789 1802 apii
803 1747 868 1786 unc.
882 1727 906 1802 Ι,
921 1728 1095 1804 hyoscyami
1111 1729 1129 1786 5
1162 1752 1165 1758 ·

85 1833 144 1874 unc.
163 1816 192 1891 Ι,
216 1816 292 1875 anisi
315 1834 380 1875 unc.
399 1816 428 1890 Ι,
451 1816 571 1874 seminis
595 1815 658 1891 apii
679 1834 745 1875 unc.
764 1816 792 1890 Ι,
820 1818 939 1876 seminis
962 1817 1095 1876 lactucae

85 1922 145 1963 unc.
158 1906 200 1980 H,
219 1906 376 1981 papaveris
395 1906 540 1963 silvestris
561 1924 625 1964 uuc.
641 1904 665 1978 I,
688 1924 765 1981 quae
783 1906 884 1964 omnia
897 1908 929 1964 in
943 1906 1095 1981 pulverem

55 1993 200 2053 arcdacta
223 1995 394 2053 commisces
422 1996 452 2052 et
476 2013 569 2052 unum
592 1994 768 2053 coclearium
795 2014 937 2072 magnum
960 2015 994 2053 ex
1017 2014 1095 2071 aqua

86 2080 174 2159 dabis,
197 2083 245 2142 vel
268 2084 295 2140 si
314 2083 412 2142 cibum
434 2102 494 2142 uon
513 2085 632 2158 accipit,
655 2103 689 2141 ex
712 2101 782 2143 suco
800 2085 949 2159 ptisanae3
973 2084 1129 2144 obscuret

151 2234 262 2289 ichir.
277 2251 300 2288 ο.
316 2240 366 2288 291
382 2235 417 2289 cf.
428 2240 487 2288 293.
552 2241 583 2288 11
604 2234 677 2289 Chir.
694 2236 903 2289 c.291et289.
969 2241 1001 2287 17
1021 2234 1094 2288 Chir.

49 2319 52 2325 ·
88 2311 180 2360 cccc.
255 2310 289 2358 20
308 2303 380 2359 onir.
396 2323 418 2359 c.
435 2310 494 2359 287.

154 2454 168 2503 1
189 2448 321 2502 indomiti
339 2450 366 2502 A
405 2451 409 2515 Ι
442 2447 552 2518 possint
570 2450 598 2502 A
616 2451 734 2518 possunt
755 2449 781 2503 G
799 2466 822 2501 c.
841 2448 1025 2517 nonpossint
1043 2450 1071 2502 P
1087 2449 1095 2518 :t

88 2522 203 2589 tcaput
221 2522 249 2574 A
269 2523 273 2589 Ι
294 2519 414 2572 allidens
433 2520 489 2573 ΑΡ
511 2523 515 2588 t
540 2521 653 2573 tenetur
671 2522 698 2574 P
718 2523 727 2590 ΙΙ
751 2526 766 2573 3
786 2521 815 2574 et
832 2536 882 2574 coc.
898 2522 926 2574 P
948 2522 952 2589 1
976 2519 1051 2573 flans
1071 2521 1098 2573 P

88 2586 175 2645 fluas
195 2593 234 2646 M
257 2590 378 2661 1111110
397 2594 490 2646 ocaA
514 2593 518 2659 Ι
544 2591 727 2660 angularibus
746 2592 786 2646 ed.
797 2609 841 2660 pr.
857 2594 885 2645 A
902 2591 960 2662 iug.
981 2593 1008 2645 P
1021 2592 1094 2646 coir.

88 2665 181 2718 c284.
196 2667 259 2717 291.
287 2664 296 2731 ΙΙ
319 2664 384 2734 bet
401 2680 451 2717 orn.
467 2665 495 2717 P
518 2665 528 2731 ΙΙ
551 2668 566 2715 6
587 2665 681 2717 autem
700 2663 843 2717 abstineat
861 2664 960 2718 eodem
979 2662 1024 2716 die
1044 2664 1071 2716 P
1086 2663 1095 2734 Η

88 2734 103 2782 8
120 2748 173 2787 anu
191 2733 281 2804 ipsius
301 2735 346 2803 P}
362 2733 480 2788 clisterii
499 2737 527 2789 P
543 2734 649 2788 clisteri
668 2737 695 2789 A
713 2737 722 2803 ΙΙ
741 2739 756 2787 9
774 2734 925 2789 curabitur.
958 2734 1096 2804 Purgatur

89 2807 178 2859 venter
196 2807 257 2860 AP
274 2808 313 2877 (et
331 2808 395 2874 cer.)
414 2806 448 2872 cf.
457 2806 515 2931 26
532 2808 655 2875 ungetur
677 2807 717 2861 ed.
728 2822 773 2875 pr.
809 2810 812 2872 t
846 2823 868 2860 s.
887 2810 917 2861 et
935 2808 1052 2861 obscuro
1071 2808 1098 2860 P

91 2889 109 2925 s.
122 2892 145 2929 o.
160 2879 187 2931 A
206 2879 246 2946 (et
264 2876 356 2930 calido
376 2877 439 2930 odd,
486 2875 529 2946 ²)ss
544 2882 577 2931 10
596 2877 719 2946 accipiat
733 2878 794 2931 ΑΡ
811 2879 816 2945 Ι
836 2877 866 2929 in
885 2896 905 2931 s.
920 2879 960 2932 cd.
974 2895 1015 2948 pr.
1033 2880 1038 2946 Ι
1054 2877 1095 2931 in·

89 2944 180 3001 tubam
197 2966 225 3017 p.
241 2950 301 3003 ΑΡ
312 2964 362 3003 orn.
378 2948 418 3001 ed.
429 2964 474 3015 pr.
491 2949 564 3003 Cher.
590 2952 593 3017 Ι
617 2949 647 3001 in
667 2948 756 3003 herba
774 2950 802 3002 P
824 2952 828 3016 Ι
852 2949 880 3001 h.
900 2949 1096 3002 mollissimam

89 3018 134 3069 aut
150 3020 190 3074 ed.
201 3036 246 3089 pr.
260 3022 270 3089 ΙΙ
284 3024 317 3072 12
335 3036 364 3087 p.
378 3020 398 3072 t.
413 3018 490 3072 lib.I
509 3021 554 3088 ΡΙ
573 3020 698 3074 radicem
717 3022 744 3073 A
761 3023 765 3087 Ι
781 3020 884 3075 herbae
902 3038 953 3074 cm.
973 3022 1018 3088 ΡΙ
1034 3019 1095 3073 her·

90 3083 149 3142 bam
166 3108 188 3144 s⁴
203 3093 230 3144 A
248 3093 258 3159 ΙΙ
277 3095 310 3143 13
330 3107 392 3144 uuo.
405 3090 431 3142 Π
445 3092 473 3144 Ρ
488 3090 582 3159 pondo
598 3091 624 3143 Π
644 3091 716 3147 clue.
734 3093 738 3159 1
754 3090 880 3145 lactis-
892 3097 925 3144 16
945 3107 1030 3145 comu
1044 3108 1094 3145 oca.

91 3158 131 3228 ΡΙ
145 3162 213 3217 item
231 3161 249 3215 l.
264 3164 293 3216 A
312 3162 322 3230 tt
344 3166 377 3214 14
396 3159 531 3215 diffimdis
550 3164 577 3216 A
604 3165 613 3231 ΙΙ
642 3169 674 3216 15
693 3162 819 3232 pondera
837 3162 855 3215 i.
870 3180 896 3231 p.
915 3161 1027 3233 redigas
1042 3163 1070 3215 A
1091 3163 1094 3230 1

90 3245 139 3295 que
156 3250 206 3287 om.
221 3235 248 3287 A
261 3235 271 3302 ΙΙ
286 3238 319 3286 16
338 3232 422 3287 obulo
441 3235 469 3286 A
488 3232 570 3287 ebulo
590 3235 629 3288 ed.
643 3252 685 3302 pr.
710 3236 713 3302 Ι
735 3233 865 3287 defundis
884 3237 912 3288 A
925 3235 935 3302 ss
954 3239 986 3286 17
1004 3232 1096 3301 potio-

17 3307 18 3314 ’
92 3300 166 3358 nibus
180 3306 225 3374 ΡΙ
242 3304 301 3374 apii
315 3303 457 3372 iusquami
471 3304 543 3357 anisi
557 3321 623 3374 pap.
639 3304 699 3359 silv.
715 3321 842 3359 anaunc.
856 3305 869 3357 I
884 3320 949 3357 sem.
964 3305 983 3357 l.
997 3320 1059 3357 unc.
1070 3303 1095 3355 Il

17 3395 18 3400 ¹
93 3370 200 3429 Panisi
218 3377 433 3444 cm.cd.pr.A,
451 3377 629 3430 hebetatione
650 3377 723 3432 cair.
743 3378 791 3444 qui
810 3392 875 3429 sem.
895 3376 960 3429 lact.
980 3392 1029 3429 cm.
1049 3376 1096 3428 sed

17 3449 18 3468 ¹
93 3443 123 3565 cb
137 3447 207 3501 thir.
218 3465 248 3517 p.
262 3452 307 3513 85,
321 3452 356 3501 19
378 3449 387 3515 11
411 3451 445 3500 20
464 3446 531 3499 cccl.
548 3462 610 3499 cum
630 3462 654 3499 a.
671 3447 696 3498 d.
712 3448 740 3500 P
760 3449 769 3513 ΙΙ
790 3452 822 3498 21
843 3445 975 3513 accipiet,
999 3460 1096 3496 sucum

93 3517 220 3579 p.dabis
239 3519 267 3571 et
286 3535 310 3570 o.
326 3520 353 3571 P
