2509 3892
472 161 514 216 De
534 161 703 216 auctoribus.
995 161 1099 216 XXVII

139 329 252 405 Neque
274 331 428 407 ingratum
449 328 512 388 fore
539 332 614 406 puto
643 331 725 405 quod
752 330 885 390 ordinem
912 332 1098 406 formamque

58 417 223 567 lgffim
241 421 274 478 et
290 416 323 477 iu
342 417 522 478 editionibus
541 420 572 478 ot
589 419 621 478 in
634 418 786 479 codicibus
805 422 954 479 servatam
967 419 1098 480 breviter

5 1033 174 1105 iGffledpr
200 1033 467 1089 11-28129-64
530 1033 557 1088 11

27 1104 138 1163 Fch
250 1147 266 1172 ,,
392 1146 408 1173 ,,
480 1102 606 1160 1-1164
732 1147 749 1172 „

5 1266 64 1339 ι(Β).
80 1264 178 1320 PMV
198 1264 314 1319 11-28
332 1260 614 1335 129—64111-65'
722 1260 761 1319 IV

143 1415 384 1477 Consentaneum
414 1419 459 1476 est
488 1415 615 1475 anobis
644 1417 768 1475 retineri
796 1416 874 1475 hunc
900 1415 1037 1476 ordinem
1065 1419 1097 1477 et

67 1508 171 1584 ipsius
194 1505 305 1584 Vageti
333 1504 432 1566 verbis
458 1504 619 1582 probatum
647 1508 677 1563 et
703 1505 826 1581 optimis
854 1504 1004 1565 codicibus
1036 1524 1095 1565 ser

68 1598 195 1656 vetums
217 1597 317 1654 totum
338 1595 434 1672 igitur
455 1612 530 1671 opus
553 1593 658 1653 damus
680 1593 776 1653 tribus
801 1593 887 1654 libris
909 1590 1096 1672 discriptum,

72 1684 187 1761 quibus
211 1685 381 1743 annectitur
400 1685 524 1759 quartus
542 1680 579 1742 de
604 1684 683 1741 curis
699 1683 791 1742 boum
809 1682 893 1758 liber,
911 1686 1042 1745 numeris
1064 1687 1097 1743 et

71 1773 202 1834 Gesneri
231 1776 263 1831 et
284 1772 457 1832 Schneideri
485 1771 651 1850 adscriptis.
693 1770 779 1840 Quod
806 1771 924 1849 Gargtli
946 1772 1096 1834 Martialis

73 1863 113 1923 de
128 1863 208 1922 cun‘s
221 1861 312 1921 boum
325 1861 461 1921 libellum
479 1860 682 1937 repetivimus,
700 1859 751 1920 vix
764 1863 810 1921 ast
825 1863 877 1937 qui
889 1862 1095 1939 reprehendat.

143 2021 199 2081 ΠΙ.
221 2021 287 2082 Iam
305 2040 376 2081 vero
395 2038 413 2080 a
432 2020 582 2082 codicibus
600 2020 710 2100 Vagati
728 2021 885 2098 adipsum
903 2023 1096 2083 ascendamus

75 2114 113 2171 ut
127 2128 218 2186 qnam
231 2111 395 2187 poterimus
408 2110 638 2189 diligentissime
656 2112 869 2185 examinemus,
889 2111 961 2187 quid
974 2112 1096 2171 tandem

74 2202 110 2260 in
132 2218 165 2260 re
184 2217 275 2276 quarn
291 2201 357 2275 ipse
375 2201 559 2277 grammis
578 2199 677 2259 verbis
695 2219 756 2259 non
772 2201 865 2261 semel
882 2200 987 2261 laudat
1006 2204 1096 2276 atque

77 2289 266 2350 commendat
278 2290 476 2364 praestiterit:
490 2290 547 2348 hoc
564 2290 646 2348 enim
661 2289 864 2364 quaerendum
882 2291 949 2364 erit
966 2290 1096 2350 fueritne

77 2381 143 2456 ipso
156 2379 230 2437 artis
244 2396 336 2454 quam
348 2377 452 2438 scribit
469 2379 584 2454 peritus
597 2395 638 2436 an
656 2378 755 2437 aliena
770 2397 825 2455 pro
839 2379 901 2438 suis
919 2378 1095 2438 vendiderit.

145 2467 190 2526 Ac
212 2467 342 2544 primum
364 2466 485 2543 quidem
510 2465 597 2543 quid
622 2467 700 2542 ipse
723 2466 764 2526 de
786 2466 951 2527 fontibus
972 2465 1095 2545 prodi-

78 2557 176 2616 derit
192 2572 410 2632 componamus.
446 2555 516 2616 Non
534 2554 705 2615 dissimulat
725 2573 757 2614 se
777 2555 865 2632 plura
883 2556 952 2617 aliis
970 2556 1095 2632 scripto·

78 2644 160 2705 ribus
182 2644 296 2705 debere.
336 2644 454 2722 Magnis
474 2644 527 2704 ille
549 2642 648 2704 verbis
671 2645 704 2702 in
726 2645 912 2720 praefatione
934 2648 1095 2722 postquam

79 2735 216 2811 exposuit
233 2752 282 2793 eos
301 2734 354 2810 qui
373 2735 442 2792 ante
460 2752 491 2794 se
510 2733 546 2793 de
570 2733 673 2793 eadem
694 2735 933 2810 rescripsissent
954 2754 1014 2794 non
1036 2735 1096 2796 sibi

80 2823 264 2897 satisfacere,
285 2824 385 2900 pergit
406 2821 450 2882 sic
472 2816 507 2902 [ξ
527 2816 577 2901 6]:
599 2823 659 2882 His
681 2827 709 2884 ct
730 2824 838 2884 tabibus
864 2825 1028 2884 rationibus
1049 2827 1095 2885 in·

79 2913 318 2973 caucam
338 2928 459 2986 operm
480 2928 541 2971 noo
562 2914 674 2972 inuitus
698 2915 817 2988 arripui
838 2917 872 2971 ut
892 2913 1040 2973 mnduciis
1061 2917 1096 2973 in

80 3018 170 3060 mura
187 3000 307 3060 Latiaris
325 3000 479 3060 mmai
496 3002 663 3061 uuowmbus
680 3002 835 3071 univocis,
851 3002 989 3062 adhibitis
1008 3005 1095 3062 ctiam

81 3090 274 3150 mulomedicis
296 3094 323 3149 ct
344 3090 463 3150 medicis
484 3107 545 3149 uon
571 3091 800 3150 maiescum
824 3095 966 3165 occatum
987 3093 1095 3151 medio·

83 3181 166 3240 critas
194 3181 306 3255 ivonii
333 3182 451 3254 patitur
474 3180 562 3254 piare
596 3196 632 3239 ac
661 3180 783 3239 brevitor
816 3182 916 3239 onmia
945 3182 1094 3241 enucleato

83 3259 270 3349 dimicari)
315 3268 400 3328 Idem
427 3287 487 3327 non
514 3269 606 3328 semel
632 3269 743 3343 repetit
764 3286 828 3328 sese
850 3268 975 3344 multos,
1001 3269 1093 3328 immo

151 3405 175 3473 1)
193 3402 226 3455 In
238 3404 363 3458 mentem
375 3401 454 3457 venit
467 3400 606 3471 praefatio
622 3399 768 3468 Macrobii,
786 3400 908 3454 hominis
922 3402 952 3456 et
965 3401 1093 3456 doctrina

85 3474 129 3530 et'
121 3473 232 3545 ingenio
246 3473 367 3545 Vegetio
380 3472 494 3528 similis.
509 3475 561 3527 eat
576 3470 665 3544 1).er
680 3478 696 3538 ξ
711 3478 740 3527 3:
753 3488 803 3527 nec
815 3472 948 3594 indicente
960 3479 1093 3539 masuam

86 3547 112 3601 iu
127 3563 249 3602 aunuum
266 3548 448 3617 respuamus
466 3546 552 3617 dique
570 3549 720 3600 memoratu
738 3544 790 3598 etc
810 3540 845 3595 cf.
861 3546 916 3606 §6
932 3547 956 3594 τ.
