2509 3892
173 133 240 198 250
612 129 749 190 VEGETI

172 300 303 381 gloriose
325 299 480 373 nobilitas,
509 298 713 374 Hispanorum
740 316 797 375 par
823 298 872 357 vel
898 297 1037 373 proxime
1059 297 1090 356 in
1111 298 1179 356 circo

172 389 302 450 creditur
319 390 430 465 palma.
470 388 534 447 Nec
550 387 707 447 inferiores
724 406 818 464 prope
843 386 947 446 Sicilia
966 387 1086 446 exhibet
1103 388 1180 460 circo,

172 478 310 556 quamvis
335 478 440 537 Africa
465 476 596 553 Hispani
624 478 779 555 sanguinis
806 476 1010 537 velocissimos
1039 476 1180 552 praestare

172 567 366 628 consueverit.
416 566 466 626 Ad
494 585 585 627 usum
613 566 704 625 sellae
733 565 833 627 Persis
863 566 1027 641 provinciis
1057 563 1181 624 omnibus

170 660 313 735 praestat,
336 674 428 733 equos
447 655 566 715 exhibet
583 657 836 731 patrimoniorum
854 654 990 715 censibus
1010 655 1181 727 aestimatos,
1202 670 1213 711 s

172 747 211 807 ed
232 745 399 806 vehendum
425 745 530 804 molles
554 746 584 803 et
606 744 765 822 impigros,
786 746 919 804 incessus
945 743 1104 802 nobilitate
1124 761 1181 818 pre

170 839 272 897 tiosos.
314 834 487 910 Sequuntur
514 833 654 892 Armenii
678 836 769 909 atque
792 832 927 892 Sofoeni:
955 834 989 891 in
1020 852 1080 908 qua
1105 833 1181 908 parte

170 943 225 984 nec
243 924 383 1000 Epirotes
403 922 577 1000 Siculosque
591 922 768 999 despexeris,
787 923 929 982 simones
948 940 983 981 sc
1001 919 1181 998 pulchritudo

136 1017 231 1075 5non
265 1012 390 1073 deserat.
436 1011 577 1071 Huniscis
612 1011 725 1090 grande
760 1013 790 1070 et
824 1010 974 1071 adenem
1005 1014 1109 1087 caput,
1140 1028 1181 1068 ex·

170 1106 269 1162 tantos
287 1103 375 1177 oculi,
398 1104 544 1178 angustae
562 1120 659 1175 neres,
677 1101 758 1161 latee
775 1100 926 1176 maxillae,
948 1098 1074 1160 robusta
1093 1101 1182 1159 cervix
1193 1117 1214 1157 u

170 1194 201 1250 et
223 1191 335 1269 rigida,
366 1190 454 1249 iubeo
484 1190 565 1249 ultra
594 1209 692 1268 genua
720 1189 897 1266 pendentes,
926 1191 1055 1249 maiores
1084 1191 1183 1262 costes,

169 1284 295 1340 incurva
317 1279 418 1357 spina,
448 1278 543 1338 cauda
569 1279 694 1353 silvosa,
720 1278 924 1338 validissimae
951 1278 1059 1354 tibiae,
1081 1296 1183 1356 parvae

169 1370 269 1445 beses,
295 1368 402 1447 plenae
433 1386 468 1428 ac
497 1368 621 1428 diffusae
649 1368 794 1447 ungulae,
821 1367 876 1427 ilia
902 1370 1010 1427 caveto
1035 1371 1183 1442 totumue

170 1477 279 1535 corpus
302 1458 488 1537 angulosum,
510 1456 595 1516 nulla
617 1458 651 1516 in
674 1457 811 1516 clunibus
830 1459 945 1531 arvina
966 1457 1047 1516 nulli
1063 1458 1097 1516 iu
1114 1472 1184 1516 mus·

170 1550 245 1608 culis
267 1549 336 1623 tori,
357 1550 391 1606 in
409 1546 596 1625 longitudine
614 1547 711 1624 magis
731 1565 821 1621 quem
843 1548 876 1605 in
895 1546 1056 1605 altitudine
1075 1547 1214 1606 6161111611

169 1638 359 1713 propensior,
381 1639 486 1696 venter
508 1635 682 1710 exhaustus,
711 1653 780 1695 ossa
802 1634 941 1713 grandia,
970 1637 1082 1695 macies
1105 1636 1185 1713 grata

170 1729 201 1785 et
224 1725 331 1801 quibus
349 1724 602 1801 pulchritudinem
619 1727 753 1800 praestet
775 1726 843 1799 ipss
861 1723 1051 1783 deformitas:
1075 1726 1184 1783 animus

136 1821 154 1878 6
170 1813 340 1874 moderatus
359 1816 390 1873 et
407 1814 537 1890 prudens
555 1815 586 1872 et
603 1813 762 1873 vulnerum
779 1815 906 1891 patiens.
946 1811 1057 1872 Persae
1076 1816 1185 1873 stature

169 1908 200 1963 et
230 1902 379 1981 positione
409 1922 428 1961 e
455 1904 560 1962 ceteris
595 1921 740 1978 equorum
769 1902 926 1980 generibus
960 1921 1021 1961 non
1051 1902 1185 1962 differunt

167 1994 344 2071 plurimum,
374 1992 425 2052 sed
447 1992 540 2051 solius
563 1991 770 2051 ambulaturae
804 2010 925 2070 genere:
957 2011 1028 2050 nam
1059 1991 1214 2068 quadsmu

241 2242 265 2289 1.
281 2239 297 2289 8
317 2250 469 2303 spanorum
486 2234 513 2288 L
526 2235 566 2304 113
586 2231 689 2286 africes
707 2232 790 2302 ponis
809 2232 941 2303 anguinis
959 2234 988 2287 A
1007 2234 1017 2303 11
1036 2238 1053 2286 4
1072 2233 1113 2287 ad
1130 2248 1183 2287 cur·

169 2325 231 2361 sum
250 2324 270 2361 s.
285 2307 314 2362 A
334 2308 338 2375 1
360 2304 456 2375 persia
470 2306 499 2359 P
517 2308 527 2374 11
550 2308 566 2357 t
585 2303 716 2358 omnibus
730 2303 861 2359 meliores
880 2305 1009 2373 praestet
1022 2320 1121 2373 equos,
1138 2320 1182 2359 om.

168 2377 283 2434 exhibet
298 2379 339 2433 cd.
350 2393 395 2446 pr.
411 2393 435 2431 o.
450 2375 579 2431 meliores
593 2377 722 2444 praestat
735 2392 785 2430 om.
801 2391 888 2443 equos
905 2375 967 2429 cxh.
982 2376 1011 2430 P
1022 2391 1048 2429 o.
1062 2375 1185 2445 praestet

169 2467 256 2518 equos
281 2466 332 2505 om.
356 2447 418 2503 exh.
437 2449 466 2502 A
499 2450 503 2516 1
537 2445 772 2516 patrimoniorum
795 2463 846 2502 om.
866 2449 894 2503 P
917 2446 1115 2516 petruciorum
1133 2443 1185 2569 ,11

168 2521 319 2591 generibus
333 2520 360 2575 L
379 2518 504 2573 consiliis
523 2534 617 2601 margo
632 2516 673 2571 L²
685 2519 725 2587 116
744 2519 805 2572 tam
824 2518 861 2573 ad
880 2518 920 2574 cd.
931 2534 977 2587 pr.
993 2520 1021 2573 P
1036 2519 1135 2572 tamen
1152 2533 1167 2570 a

169 2595 197 2648 A
217 2596 222 2661 1
243 2592 421 2647 vendendum
439 2592 467 2645 A
492 2591 497 2658 1
521 2589 659 2660 impigros
677 2588 789 2644 incessu
807 2589 835 2643 L
853 2589 884 2643 in
902 2589 998 2660 gropis
1016 2588 1143 2644 incessus
1160 2588 1185 2643 A

168 2663 258 2732 ipsius
276 2661 401 2717 incessus
420 2663 449 2716 P
464 2660 527 2730 pios
544 2659 701 2715 incessibus
720 2661 760 2715 ed.
772 2678 816 2730 pr.
839 2662 849 2730 11
873 2666 888 2715 'l
908 2662 1120 2728 consequuntur
1137 2659 1185 2785 P}

169 2733 304 2790 ermonici
322 2736 351 2790 P
367 2733 475 2787 armeni
493 2733 533 2787 ed.
546 2749 589 2801 pr.
605 2734 634 2787 A
662 2733 666 2802 1
695 2731 809 2787 Sofoeni
827 2731 856 2785 L
874 2730 1031 2801 Saphareni
1049 2732 1091 2787 cd.
1103 2750 1146 2801 pr.

168 2804 324 2859 Suffumeni
343 2805 371 2859 P
388 2804 491 2858 Sofieni
512 2805 592 2859 cern.
614 2807 618 2872 1
639 2806 721 2872 perte
739 2821 790 2859 om.
805 2804 845 2858 ed.
856 2819 901 2872 pr.
916 2805 956 2872 118
976 2802 1120 2873 despicies
1138 2801 1185 2942 Ρ1

169 2883 184 2930 9
202 2875 357 2930 hunnuscis
375 2875 416 2931 cd.
432 2893 478 2944 pr.
496 2874 587 2929 unicis
606 2876 634 2930 L
651 2874 783 2929 hunnicis
801 2892 896 2946 margo
918 2873 959 2928 L¹
981 2875 1113 2930 buruscis
1131 2877 1157 2931 P

167 2946 289 3017 grandes
303 2948 331 3002 P
342 2949 352 3017 11
367 2951 401 3000 10
420 2945 513 3001 cervix
522 2978 556 2986 -
567 2951 600 3000 11
616 2945 701 3001 iubeo
719 2963 770 3001 osc.
785 2947 813 3002 A
826 2948 835 3015 11
850 2953 883 3001 11
938 2963 978 2999 nu
995 2947 1184 3016 appendentes

167 3020 195 3074 L
210 3021 215 3090 1
231 3017 352 3073 maiores
370 3034 422 3073 cm.
439 3018 467 3072 L
489 3020 498 3086 11
523 3023 554 3070 12
574 3033 598 3071 c.
613 3017 741 3087 spinosa,
765 3033 851 3072 coxae
870 3033 905 3071 va
917 3016 1076 3084 idissimae,
1100 3016 1184 3073 tibiae

189 3091 258 3159 ,Ρ11
273 3094 306 3144 18
326 3090 480 3144 concavata
496 3089 595 3158 11114
613 3088 737 3142 nulla-
749 3093 782 3142 115
802 3088 954 3144 altitudine
972 3105 1023 3145 om.
1039 3089 1087 3158 ΡΙ
1104 3087 1185 3145 cruri-

135 3219 136 3222 ,
166 3109 220 3216 dus
238 3163 265 3216 L
278 3163 288 3232 1
303 3167 336 3215 16
354 3159 509 3226 latitudine
527 3161 626 3229 111116
646 3177 676 3214 os
696 3159 816 3230 egrudia
833 3159 861 3213 L
885 3162 890 3229 1
912 3158 1005 3229 magis
1023 3163 1111 3230 grata
1128 3157 1185 3230 qui·

166 3233 220 3287 bus
238 3233 267 3288 A
286 3234 296 3302 11
318 3238 351 3287 18
369 3248 486 3286 nervum
503 3249 530 3301 p.
547 3233 575 3286 P
597 3231 601 3301 1
625 3230 680 3285 Per
698 3233 836 3287 staturam
855 3234 885 3286 61
902 3231 1075 3301 positionem
1094 3233 1123 3288 L
1139 3246 1185 3301 per

167 3321 198 3359 se
216 3301 323 3359 stantia
341 3305 371 3358 et
383 3321 412 3372 p.
426 3303 455 3357 P
470 3317 554 3371 persa
568 3303 598 3355 et
616 3304 650 3356 st.
670 3305 700 3356 61
712 3321 740 3372 p.
754 3304 783 3357 A
800 3302 893 3357 Persis
907 3304 937 3358 et
950 3304 984 3358 st
999 3305 1029 3357 et
1046 3304 1184 3373 positione

167 3376 208 3430 ed.
219 3393 264 3444 pr.
279 3377 288 3442 11
303 3379 337 3428 19
351 3372 533 3444 generatione
547 3372 697 3442 generibus
707 3375 735 3430 A
751 3376 756 3443 1
772 3372 868 3429 differt
881 3374 921 3430 cd.
932 3391 977 3443 pr.
992 3375 1076 3445 ΑΡ1
1091 3382 1126 3431 20
1140 3371 1185 3429 sed

167 3462 218 3500 om.
234 3446 262 3501 P
280 3447 284 3514 Ι
306 3461 398 3516 genus
416 3458 511 3513 margo
529 3460 633 3513 genere
651 3443 678 3496 L
696 3461 884 3514 generenam
902 3462 953 3501 om.
968 3447 1009 3502 cd.
1019 3463 1066 3516 pr.
1081 3449 1113 3503 A
1129 3443 1185 3501 sols

186 3515 346 3570 mbulsntia
364 3513 459 3587 gratia
478 3514 603 3582 quadem
621 3529 676 3568 ac.
696 3516 866 3572 discernitur
884 3517 912 3571 P
