2509 3892
424 167 706 223 MVLOMEDIGINA
1028 168 1067 230 11

63 337 99 395 33
122 337 168 396 Ad
186 341 378 398 contusnram
404 338 535 398 cervicis.

63 426 100 484 34
121 426 164 486 De
188 426 326 506 glabulis.

63 515 99 572 35
123 515 155 574 Si
178 535 196 575 a
218 534 338 576 vomere
361 514 505 575 laedatur.

63 604 98 662 36
121 604 165 663 De
189 604 314 681 pedibus
338 604 464 664 adtritis.

64 693 99 749 37
121 693 165 752 De
189 695 280 752 armis
302 693 401 752 laesis.

63 781 99 839 38
121 782 165 843 De
187 784 365 859 praefractis
389 781 534 841 cornibus.

65 870 100 928 33
122 871 170 930 Ad
191 890 314 932 vermes.

64 960 101 1018 40
121 960 165 1020 De
187 960 334 1020 morsibus
355 964 534 1036 serpentum.

591 339 632 396 41
658 336 706 395 Ad
730 336 883 396 oculorum
905 337 989 395 vitia.

591 428 633 484 42
660 424 771 484 Contra
793 426 940 485 lacrimas.

590 516 632 573 43
657 514 706 573 Ad
729 516 949 592 sanguisugam.

590 605 633 662 44
657 603 826 679 Descriptio
849 602 1013 663 machinae.

590 694 632 751 45
658 691 770 751 Contra
786 692 939 769 sanguinis
951 691 1071 751 fluxum.

590 783 631 840 46
657 781 706 840 Ad
728 781 908 844 luxaturam.

590 873 631 930 47
657 869 705 928 Ad
728 869 888 928 lumbricos
916 887 1013 929 cossos
1041 872 1071 928 et

656 958 760 1018 tineas

111 1223 265 1297 CURAE
294 1223 428 1297 BOUM
455 1224 519 1297 EX
547 1222 762 1296 CORPORE
793 1221 1018 1295 GARGILII.

84 1388 101 1444 1
123 1387 209 1447 Bovis
231 1389 257 1448 si
285 1389 440 1469 aegrotare
468 1405 532 1446 coe·

123 1475 205 1551 perit.

85 1564 101 1620 2
123 1563 169 1622 Ad
189 1566 296 1625 tussim
319 1565 416 1624 boum.

86 1651 155 1711 asi
184 1654 236 1714 bos
274 1655 383 1714 collum
417 1654 532 1712 subton-

124 1743 199 1801 serit.

85 1830 168 1890 4Ad
203 1833 413 1891 intestinorum
452 1830 533 1890 dolo-

124 1939 189 1979 rem

85 2007 103 2064 Ἱ5
125 2007 168 2068 Ad
189 2008 319 2070 scabiem
340 2009 438 2069 boum.

87 2095 168 2157 cad
189 2100 409 2177 sanguisugam.

88 2184 168 2244 7Αά
189 2187 352 2248 fastidium.

88 2272 104 2329 8
125 2271 207 2337 Potio
230 2279 438 2336 iumentorum.

88 2363 104 2419 3
126 2361 169 2423 Ad
190 2366 355 2443 glandulas.

71 2480 266 2494 *Q*—

590 1389 631 1447 10
656 1385 688 1444 Si
738 1387 905 1444 iumentum
958 1387 1069 1444 stercus

655 1475 849 1553 gallinacium
872 1472 1039 1532 comederit.

589 1567 628 1623 11
655 1564 703 1623 Ad
744 1562 959 1623 abundantiam
1002 1581 1068 1622 san·

655 1653 761 1732 guinis.

591 1744 630 1801 12
655 1743 703 1801 Ad
725 1741 932 1800 infirmitatem
954 1742 1069 1801 iumen·

653 1834 761 1891 torum.

589 1922 629 1979 13
654 1920 702 1979 Ad
716 1921 844 1981 scabiem
860 1921 1067 1978 iumentorum.

589 2011 630 2068 14
654 2010 703 2069 Ad
725 2011 860 2087 pituitas.

590 2099 629 2157 15
654 2099 702 2158 Ad
724 2099 933 2177 stranguriam.

590 2189 628 2246 16
654 2189 702 2247 Ad
711 2207 843 2247 morsum
853 2188 947 2245 muris
958 2188 1066 2246 aranei

589 2279 628 2335 17
653 2278 702 2336 Ad
723 2295 837 2336 vermes
860 2276 1015 2359 necandos.

589 2367 628 2424 18
653 2365 702 2424 Ad
724 2367 812 2442 pedes
836 2365 964 2424 attritos

131 2551 315 2623 eiscapplem
329 2555 355 2608 u
369 2555 378 2622 l
394 2559 426 2608 ra
445 2535 545 2608 nmo.
563 2551 803 2606 nivuasoavu
820 2550 917 2605 Acri
935 2549 1067 2604 wunn-

70 2614 134 2686 7017
150 2624 181 2678 a.
