2509 3892
193 139 257 204 140
452 207 457 216 x
632 138 767 194 moun

192 308 289 367 duces.
324 307 494 366 Iumentum
517 311 619 366 autem
648 309 681 365 in
710 310 842 367 canterio
866 309 916 366 vel
938 308 970 365 in
993 309 1083 366 scalis
1110 308 1160 366 val
1178 309 1206 365 iu

192 414 335 472 suspenso
372 397 483 472 locato,
518 415 555 455 ne
585 397 749 455 fracturam
785 396 832 455 vel
868 396 977 455 leviter
1011 399 1206 468 commoveat;

193 486 241 544 eui
260 484 367 544 cotidie
381 503 468 543 mane
487 487 518 544 et
536 484 575 543 ad
592 504 749 560 vesperam
765 484 924 559 suffundas,
937 484 1028 544 tertio
1047 484 1096 543 die
1115 484 1206 543 solves

193 576 224 632 et
247 574 365 650 expleta
387 574 539 633 curatione
562 573 679 651 ligabis.
721 571 831 642 Quinto
855 592 982 650 quoque,
1006 576 1134 650 septimo
1156 575 1206 631 aut

159 663 271 722 3nono
294 662 342 721 dia
366 662 471 720 eadem
492 663 598 735 facias,
620 661 713 721 donec
737 680 843 738 corpus
866 661 996 721 inducat
1043 662 1116 721 Post
1137 662 1226 720 husos

193 750 303 810 adicies
316 769 450 809 muscum
469 750 505 809 de
518 751 609 810 vitice
623 753 677 809 aut
690 751 790 810 salicis
803 750 936 809 radicem
953 754 985 809 et
998 769 1056 810 ova
1070 750 1159 809 cruda
1172 749 1205 822 V,

192 859 297 898 verum
319 859 380 899 nou
400 839 514 916 regulis
542 842 578 896 ut
605 841 691 914 prius
719 840 771 899 sed
800 839 995 899 cirumductis
1016 840 1122 898 ferulis
1144 840 1204 898 alli·

193 928 286 1006 gabis.
340 927 397 985 Die
429 928 521 987 tertio
558 927 655 986 solves
690 931 720 987 et
756 929 949 1003 fomentabis,
981 928 1018 987 de
1050 929 1148 987 resina
1177 931 1205 985 et

194 1017 325 1094 axungia
341 1034 503 1093 perungasz
521 1016 574 1075 ubi
592 1035 664 1074 cura
682 1017 851 1092 profecerit,
869 1018 1022 1094 malagma
1035 1017 1084 1076 vel
1102 1017 1203 1076 camli-

194 1124 262 1163 cum
284 1105 414 1178 inducis,
441 1122 501 1163 non
529 1107 598 1163 ante
625 1108 727 1164 tamen
755 1106 905 1181 permittis
934 1109 1013 1164 stare
1036 1107 1203 1176 iumentum,
1214 1122 1234 1160 u

184 1213 284 1270 ‘quam
307 1194 370 1253 dies
393 1193 446 1251 XL
468 1197 666 1270 praetereant
707 1193 774 1254 Hoc
801 1197 902 1253 autem
925 1197 1045 1270 tempus
1072 1197 1129 1270 est,
1150 1212 1203 1269 quo

195 1282 312 1342 divuilsa
335 1282 384 1341 vel
406 1282 503 1341 fracta
525 1282 701 1343 solidantur.

234 1487 401 1554 XLVIII.
424 1489 475 1554 Dc
496 1490 645 1571 sleymoae
666 1495 695 1554 ct
714 1510 870 1554 mwmore
891 1490 955 1554 uve
977 1490 1166 1555 multacibus.

101 1629 247 1670 nussam.
292 1617 472 1694 Plerumque
490 1620 523 1677 in
541 1619 666 1696 genibus
679 1619 729 1677 vel
746 1619 881 1679 articulis
900 1622 954 1678 aut
970 1619 1100 1698 flegmon
1117 1619 1202 1678 oritur

195 1709 248 1766 aut
270 1726 419 1767 marmora
443 1711 496 1767 aut
518 1708 670 1767 mallones.
717 1706 797 1777 Quae
821 1709 898 1766 vitia
920 1727 956 1766 ax
982 1709 1064 1768 malo
1086 1709 1198 1767 humore
1210 1721 1229 1761 15

194 1799 375 1873 generantur
403 1799 433 1854 et
459 1798 629 1872 passionem
653 1814 720 1854 cum
747 1797 936 1857 deformitate
963 1799 1091 1857 tumoris
1112 1798 1197 1855 osten·

195 1885 282 1943 dunt:
317 1884 368 1943 sed
402 1887 463 1943 ista
499 1886 644 1944 distantia
680 1889 738 1960 est,
771 1885 851 1960 quod
884 1885 1013 1964 flegmon
1046 1885 1131 1944 tuber
1161 1885 1199 1941 est

194 1973 294 2048 molle,
316 1990 447 2033 marmor
460 1973 603 2032 duritiam
621 1974 753 2033 ostendit
770 1993 805 2032 ex
818 1975 947 2050 nomine,
965 1975 1059 2034 mallo
1076 1973 1198 2033 inflatum
1240 2005 1241 2012 1

194 2060 282 2120 tuber
305 2064 349 2120 est
378 2063 441 2121 sina
471 2061 580 2122 dolore.
626 2060 739 2130 Quibus
768 2062 936 2123 recentibus
966 2066 1067 2140 potest
1092 2060 1197 2121 facilius

161 2150 354 2210 bsubveniri.
404 2150 504 2209 Primo
534 2152 636 2209 lanam
665 2151 798 2209 sucidam
829 2169 864 2209 ax
896 2152 961 2211 oleo
991 2155 1022 2211 et
1053 2154 1133 2212 aceto
1159 2151 1226 2207 inu

195 2240 297 2315 ducas,
325 2242 428 2299 contra
451 2257 562 2316 aquam
588 2238 731 2317 frigidam
761 2244 791 2299 et
814 2244 981 2300 currentem
1009 2241 1196 2300 111111011-

195 2331 314 2403 stitues3
341 2332 410 2404 post
436 2330 499 2387 sine
527 2329 606 2386 ferro
636 2328 693 2387 hac
718 2331 835 2388 ratione
863 2329 988 2389 curabis.
1036 2328 1151 2406 Sinapis
1173 2330 1197 2382 et

194 2459 408 2468 *-

267 2540 283 2589 5
302 2533 337 2588 cf.
352 2533 425 2588 Chii.
441 2550 463 2587 e.
479 2537 540 2587 587.
613 2538 647 2585 22
666 2531 724 2586 Pel.
740 2549 762 2586 c.
779 2538 831 2586 200
851 2532 886 2587 ef.
901 2532 973 2588 Chii.
989 2550 1012 2588 c.
1029 2539 1089 2588 008.

269 2727 334 2781 lin
352 2728 478 2782 conatuio
498 2730 526 2783 A
545 2728 670 2782 cauterio
689 2728 785 2796 cd.1›r.
815 2729 825 2797 ΙΙ
857 2731 943 2782 taut
960 2727 990 2781 in
1009 2746 1029 2782 s.
1049 2729 1111 2782 loco
1129 2725 1198 2780 sitP
1240 2787 1241 2790 Ἴ

195 2797 240 2853 vel
258 2797 289 2850 in
308 2815 328 2851 s.
343 2797 405 2852 loco
419 2799 459 2853 ed.
470 2817 516 2868 pr.
530 2800 558 2853 A
572 2798 650 2852 velut
668 2814 834 2868 suspensum
849 2799 930 2855 Goon.
947 2802 952 2868 1
968 2815 1003 2853 nc
1019 2799 1053 2853 fr.
1068 2799 1196 2853 moveatur

196 2871 224 2923 P
239 2870 273 2921 nt
297 2868 423 2922 fractura
450 2869 527 2923 velut
553 2869 654 2924 leviter
677 2870 816 2923 commeat
843 2887 938 2941 margo
962 2886 999 2924 nc
1023 2870 1058 2925 fr.
1082 2867 1196 2924 flebiliter

196 2940 236 2994 ed.
252 2955 297 3008 pr.
322 2941 354 2992 ut
382 2943 432 2994 aut
452 2940 488 3011 G)
513 2940 668 2995 fracturam
693 2940 777 2995 velud
799 2940 901 2995 leviter
923 2943 1036 2995 moveat
1054 2942 1082 2995 A
1106 2944 1116 3010 l
1143 2938 1196 2992 set

195 3025 310 3079 vespere
329 3027 362 3063 su
423 3011 467 3064 dis
486 3013 513 3066 A
536 3015 545 3081 ΙΙ
568 3014 702 3081 opostea
720 3013 748 3067 P
768 3014 778 3081 ΙΙ
801 3017 817 3065 0
835 3011 926 3066 urtica
945 3013 973 3066 P
988 3012 1093 3066 vortice
1109 3013 1135 3066 A
1152 3011 1156 3080 Ι
1172 3010 1195 3061 et

195 3082 257 3135 ΑΡ
279 3085 283 3150 Ι
307 3080 390 3136 filicis
408 3082 513 3136 radicis
531 3084 558 3137 A
583 3085 588 3152 1
612 3083 638 3135 V
657 3099 707 3137 oen.
723 3084 784 3138 AP
802 3084 811 3152 ll
832 3087 848 3135 9
867 3082 923 3136 uisi
939 3085 967 3138 A
989 3085 993 3150 1
1017 3079 1195 3148 causticaAll

196 3157 284 3206 9-12
298 3154 338 3208 sic
353 3154 385 3207 iu
398 3154 437 3207 P:
454 3152 622 3223 profecerit
633 3153 687 3208 hoo
707 3152 796 3207 facias
818 3170 869 3223 per
890 3154 950 3208 dies
966 3154 1014 3207 XL
1035 3156 1066 3207 et
1085 3154 1124 3207 sic
1141 3149 1194 3205 soli·

196 3224 280 3278 datur
293 3225 303 3294 ΙΙ
318 3230 349 3279 11
370 3225 517 3294 praeterea
536 3227 631 3278 autem
649 3225 703 3278 hoe
721 3224 796 3278 enim
814 3226 842 3277 A

268 3294 593 3364 lbetom.ed.1rr.De
615 3297 725 3348 tumore
750 3297 779 3349 et
801 3295 953 3364 superioris
979 3297 1009 3349 st
1032 3296 1145 3360 acrium,
1165 3292 1193 3344 ds

196 3364 333 3434 flegmone
348 3366 377 3418 at
394 3380 549 3419 marmoreo
564 3366 592 3418 P
602 3367 612 3434 ΙΙ
626 3369 660 3419 lo
673 3381 860 3420 marmoreum
875 3366 903 3420 P
913 3382 1036 3421 marmor
1048 3369 1077 3422 A
1089 3368 1099 3436 ΙΙ
1112 3370 1142 3418 17
1153 3361 1193 3416 ills

198 3435 226 3486 P
240 3438 244 3504 Ι
259 3438 353 3489 tumor
361 3438 405 3490 est
412 3434 514 3500 mollis,
524 3451 647 3489 marmor
655 3435 787 3503 ostendit,
795 3436 902 3490 mallon
910 3436 1069 3491 inflativum
1078 3431 1193 3558 wll

200 3509 233 3558 18
251 3504 366 3559 inflatus
380 3506 421 3560 ed.
433 3522 478 3574 pr.
493 3506 521 3559 A
534 3506 543 3573 11
557 3510 591 3559 20
606 3503 753 3559 subvenire
768 3508 795 3561 A
811 3508 815 3579 Ι
830 3507 872 3578 §d
884 3511 958 3563 2-3
972 3524 1022 3563 om.
1038 3509 1066 3562 P
1078 3509 1084 3578 Ι
1098 3507 1126 3560 in
1138 3521 1159 3558 o.
1240 3497 1241 3570 l
