2509 3892
135 165 201 235 200
577 169 713 224 VEGETI

136 338 217 399 Offas
241 358 359 415 quoque
389 359 424 399 ex
454 340 568 399 duobus
596 341 734 399 sextariis
763 340 879 398 farinae
909 341 1047 399 triticeae
1070 344 1102 398 et
1124 360 1160 399 ex

136 447 195 488 unc
215 427 278 487 ervi
296 415 419 505 pollinis
438 430 539 503 facies,
561 428 669 504 quibus
694 428 870 488 admiscebis
894 447 929 487 ex
951 431 1160 505 suprascripto

136 518 259 594 pulvere
287 520 420 595 quinque
454 519 614 591 coclearia3
645 537 680 575 ex
712 520 792 577 lacte
823 519 916 576 etiam
945 520 1160 593 cuiuscumque

135 609 251 683 pecoris
275 627 341 666 eam
366 626 550 684 consperges.
593 606 732 666 Salutare
756 609 814 679 est,
842 608 869 665 si
891 610 1030 682 septenas
1054 607 1160 667 diebus

135 696 261 775 singulis
284 697 411 775 digeras,
436 702 509 773 qua's
528 696 639 755 cotidie
662 695 701 767 ad
723 695 923 756 substantiam
946 696 1042 768 dabis,
1066 697 1160 756 donec
1185 717 1198 756 s

102 785 218 845 tcibos
241 788 339 844 tentet
369 789 517 861 appetere.
562 784 617 843 Oui
645 805 762 844 omnem
794 803 891 844 escam
920 787 1046 861 propter
1073 786 1159 845 fasti·

136 875 219 933 dium
242 875 369 933 viridem
392 877 511 949 oportet
533 874 647 948 offeni,
677 877 708 933 et
730 876 882 933 contrario
910 875 1087 932 lenticulam
1109 876 1160 934 vel

52 1011 53 1018 .
135 967 271 1023 triticum
301 982 369 1022 cum
403 962 514 1022 hordeo
548 965 746 1022 torrefactum
780 982 847 1022 cum
875 963 962 1038 palea
993 963 1093 1037 dabis,
1124 969 1160 1023 ut

137 1052 285 1128 quidquid
298 1072 334 1111 ex
353 1053 528 1111 diversitate
543 1052 675 1111 ciborum
695 1053 825 1110 voluerit
842 1052 942 1129 eligat.
971 1051 1033 1111 Lac
1056 1057 1159 1111 tamen

136 1162 237 1202 recens
257 1142 367 1201 cotidie
385 1143 413 1200 ei
432 1144 571 1201 convenit
590 1141 663 1199 dari.
700 1141 881 1200 Deambulet
902 1141 1083 1216 plurimum3
1105 1142 1159 1200 ubi
1173 1163 1198 1202 rc

137 1233 269 1308 coeperit
296 1232 513 1305 convalescere,
544 1230 582 1288 ad
612 1232 787 1290 exercitium
814 1230 998 1289 revocandus
1029 1234 1082 1290 est.
1126 1232 1160 1289 Si

137 1321 185 1379 lac
208 1317 350 1393 defuerit,
379 1339 502 1395 aquam,
524 1321 558 1377 in
588 1339 648 1394 qua
678 1339 782 1378 ervum
810 1319 894 1394 prius
923 1320 1020 1378 lotum
1051 1320 1101 1379 die
1124 1339 1160 1379 ac

103 1412 224 1469 5nocte
247 1412 457 1485 permanserit,
486 1409 571 1468 dabis
594 1411 622 1467 ei
649 1408 758 1468 bibere.
800 1409 835 1465 In
864 1427 954 1467 causa
980 1410 1160 1484 pulmonum

137 1500 172 1557 de
197 1500 310 1557 cervice
332 1499 381 1556 vel
404 1498 440 1556 de
463 1499 566 1574 palato
588 1498 636 1556 his
660 1500 782 1574 sanguis
806 1499 949 1570 aufertur,
973 1498 1082 1572 quibus
1105 1517 1161 1559 nec

69 1655 73 1665 .
137 1587 293 1647 fastidium
319 1587 418 1645 evenit
437 1590 467 1645 et
489 1587 617 1646 fortiora
635 1588 708 1645 sunt
725 1605 859 1662 corpora.
898 1585 1017 1646 Cineres
1037 1607 1160 1663 quoque
1174 1609 1199 1647 rs

138 1678 211 1735 ulmi
234 1677 291 1736 loti
314 1680 345 1734 et
366 1677 460 1734 infusi
482 1676 515 1734 in
538 1695 617 1750 aqua
641 1695 708 1734 cum
736 1678 806 1734 vino
830 1677 926 1735 veteri
949 1678 1064 1751 optimo
1089 1676 1159 1735 odo-

137 1770 204 1824 rato
233 1766 369 1823 heminas
400 1766 533 1842 singulas
563 1766 700 1824 miscebis
731 1768 761 1823 et
790 1764 884 1824 dabis.
930 1764 1044 1833 Quodsi
1072 1766 1161 1825 rehe-

138 1856 268 1913 mentius
291 1854 448 1913 verabitur
471 1857 502 1912 et
525 1855 681 1932 aegritudo
704 1855 859 1912 transierit
880 1857 913 1912 in
936 1854 1089 1912 morbum:
1111 1875 1160 1914 ra·

138 1945 235 2002 dicem
268 1943 400 2017 lentisci,
431 1944 509 2003 turis
542 1944 641 2001 drach.
670 1944 709 2017 II,
741 1962 859 2001 murrae
892 1943 992 2001 drach.
1021 1943 1045 2016 I,
1080 1947 1162 2003 croci

103 2037 121 2092 6
138 2051 266 2092 semunc.
291 2036 409 2091 contere
427 2033 587 2109 diligenter
610 2035 641 2091 et
660 2032 795 2093 suffimde
814 2050 882 2091 cum
900 2034 980 2092 vinc.
1028 2033 1107 2092 Sunt
1130 2036 1162 2091 et
1175 2054 1201 2092 so

136 2126 197 2183 ista
219 2121 363 2180 remedia:
386 2141 446 2180 uva
465 2121 534 2180 alba
556 2122 658 2180 inore
681 2124 751 2198 equi
769 2122 942 2197 frequenter
965 2125 1161 2197 exprimetur,

138 2229 237 2271 semen
260 2211 369 2269 radicis
393 2210 482 2269 datur
503 2213 536 2268 in
559 2213 640 2284 vino,
664 2211 841 2289 amygdalae
866 2210 962 2268 frixae
986 2229 1054 2268 cum
1079 2231 1163 2287 aqua

137 2303 309 2361 offeruntur.
363 2299 421 2358 Sed
451 2301 497 2357 est
530 2300 591 2358 alia
621 2299 770 2358 efficacior
801 2301 899 2374 potio:
934 2300 1162 2359 cardamomum

210 2442 224 2488 1
245 2408 318 2489 onir.
335 2451 357 2487 ο.
373 2439 434 2486 ser.
526 2440 557 2486 11
579 2430 653 2486 chit.
670 2451 692 2486 c.
708 2439 768 2486 sce.
862 2438 893 2485 17
915 2432 988 2485 (lter.
1005 2452 1028 2487 c.
1046 2439 1107 2489 sio.

139 2514 172 2560 ‘23
192 2506 265 2561 chir.
281 2524 303 2558 c.
320 2511 379 2558 371.

213 2634 275 2685 let
294 2648 319 2683 u.
341 2631 463 2684 sextario
487 2631 526 2683 ed.
538 2648 583 2698 pr.
616 2631 625 2698 11
653 2628 770 2682 thesbi
789 2628 904 2698 pollinis
928 2631 957 2681 et
981 2629 1086 2682 i'ascies
1106 2632 1133 2683 A
1153 2635 1163 2700 1

139 2713 155 2755 3
175 2719 209 2756 ex
227 2702 319 2754 l.-4
338 2705 380 2753 est
399 2718 449 2755 om.
465 2702 505 2755 cd.
517 2719 561 2769 pr.
581 2718 651 2769 quae
674 2700 724 2754 sed
744 2702 813 2768 sept.
858 2703 862 2764 1
905 2717 939 2754 ex
962 2699 1054 2754 latere
1073 2700 1164 2772 [lacte

139 2778 198 2841 tere
219 2773 256 2845 G]
276 2776 304 2827 et
323 2789 345 2824 c.
361 2773 482 2840 pectoris
502 2790 595 2841 consp.
611 2774 639 2827 A
653 2774 692 2841 114
711 2775 780 2840 sept.
797 2770 897 2825 offulas
916 2772 956 2824 ed.
967 2789 1006 2840 pr
1028 2775 1038 2838 11
1054 2779 1069 2824 5
1090 2788 1164 2839 quas

139 2862 190 2901 cro.
201 2846 229 2899 A
242 2847 252 2912 11
267 2850 281 2896 ’1
297 2843 413 2896 viridem
428 2861 478 2897 om.
490 2846 516 2898 L
530 2845 609 2898 habet
622 2846 703 2898 etiam
716 2844 787 2898 Geir.
805 2847 809 2912 1
826 2843 959 2896 continuo
972 2846 997 2895 A
1011 2846 1020 2912 11
1035 2849 1052 2896 8
1067 2843 1112 2897 vel
1126 2849 1163 2897 tr.

139 2915 244 2969 hordeo
267 2916 451 2968 torrefactum
471 2917 497 2968 L
520 2916 564 2969 vel
589 2916 689 2968 tritum
715 2932 778 2967 cum
798 2914 823 2965 h.
844 2914 1030 2967 torrefactum
1050 2915 1078 2968 A
1098 2933 1162 2967 cum

139 2988 235 3041 tritico
254 2985 299 3038 vel
317 2987 343 3039 h.
363 2985 516 3039 torrefacto
535 2988 574 3041 ed.
587 3004 631 3055 pr.
664 2989 673 3056 11
706 2992 721 3038 9
740 2986 861 3039 voluerit
878 3003 929 3040 om.
946 2987 971 3038 L
999 2989 1008 3054 11
1038 2991 1072 3040 10
1093 2988 1162 3039 dare

140 3061 179 3113 ed.
192 3075 236 3125 pr.
255 3061 258 3127 1
274 3058 396 3126 primum
410 3057 490 3111 Geso.
506 3059 515 3127 11
530 3064 563 3110 13
578 3059 604 3110 d.
619 3059 650 3110 in
664 3060 733 3126 potu
747 3059 786 3111 ed.
794 3075 839 3125 pr.
850 3058 878 3111 A
892 3059 980 3126 (poto)
997 3061 1001 3125 1
1017 3057 1164 3126 pulmonis

144 3133 170 3184 A
188 3130 219 3182 in
238 3129 318 3181 cuins
333 3145 350 3181 a
364 3127 528 3197 pulmonum
543 3130 569 3181 J.
583 3132 592 3197 11
608 3136 641 3182 15
660 3129 708 3182 sed
723 3127 742 3180 f.
758 3130 798 3182 ed.
809 3146 854 3196 pr.
869 3131 878 3196 11
894 3134 927 3181 16
946 3129 976 3180 in
995 3145 1047 3182 oen.
1062 3131 1104 3183 cd.
1116 3147 1163 3198 pr.

141 3204 168 3256 A
195 3203 205 3270 11
233 3206 267 3254 18
286 3218 309 3252 v.
326 3216 400 3269 aegr.
416 3201 445 3252 et
463 3203 497 3253 tr.
513 3200 539 3252 L
558 3204 690 3253 vexatum
714 3199 892 3268 aegritudine
911 3200 1045 3253 transivit
1063 3202 1105 3254 ed.
1118 3217 1163 3269 pr.

142 3272 288 3326 vexabitur
307 3270 461 3339 aegretudo
479 3272 611 3325 transivit
629 3274 657 3326 A
678 3276 682 3339 1
702 3271 807 3324 radicis
825 3271 843 3323 l.
863 3271 999 3336 drachm,
1017 3273 1037 3324 t.
1058 3289 1123 3326 unc.
1136 3271 1165 3325 Π

141 3346 184 3426 ed..
196 3361 237 3425 pr.
261 3344 271 3410 11
295 3347 327 3395 19
340 3340 457 3422 ¹succari
475 3342 515 3396 ed.
526 3359 571 3423 pr.
586 3343 613 3395 A
627 3346 637 3411 11
651 3348 685 3395 10
704 3359 768 3395 cum
786 3361 810 3394 v.
831 3341 959 3425 diffunde
976 3345 1005 3397 A
1026 3347 1037 3411 11
1061 3349 1093 3396 11
1115 3360 1165 3426 exj

142 3415 373 3537 arata
387 3428 460 3535 ‘'lntj
477 3415 768 3538 §aestate
779 3414 867 3552 ssf'l
891 3415 1165 3539 tttttffttt

152 3555 248 3624 uingii
267 3554 361 3608 casiae
380 3568 436 3606 ana
454 3570 516 3606 unc.
531 3553 557 3605 11
576 3554 727 3609 cinomomi
747 3556 865 3609 storacis
884 3572 940 3610 ana
958 3574 1020 3610 nnc.
1036 3558 1049 3609 I
1068 3558 1098 3611 P
