2509 3892
157 146 199 209 76
594 142 730 197 VEGETI

157 313 216 386 coli
239 312 339 370 dolore
362 314 477 371 vexari:
500 315 531 369 et
554 315 666 386 quanto
690 310 793 368 dumus
816 313 994 370 intestinum
1015 311 1178 383 inveneris,

123 404 141 458 2
157 404 243 459 tanto
262 399 396 476 pluribus
415 401 516 459 diebus
540 400 641 460 dolore
659 402 816 459 cruciatur.
854 400 899 458 Ex
918 417 979 474 qua
998 417 1090 458 eausa
1108 417 1178 457 raro

158 490 366 566 periclitantur
395 493 425 548 et
448 491 549 548 dolent
577 489 668 548 biduo
699 490 747 548 vel
776 489 876 547 triduo
899 489 961 562 vel,
991 490 1018 546 si
1039 489 1180 560 nimium,

159 580 291 654 quinque
320 579 431 638 diebus.
474 577 531 637 Sed
562 581 674 653 quanto
701 579 850 637 inveneris
880 578 1047 637 molliorem
1078 579 1180 653 ipsum

158 668 271 742 locum,
300 671 385 727 tanto
417 668 547 727 velocius
577 666 766 745 mitigabitur
799 666 896 726 dolor:
926 685 997 725 nam
1028 666 1181 742 quaedam
1204 685 1215 723 s

159 760 290 816 stercora
312 760 345 815 in
367 758 534 834 longanone
556 758 694 831 reperies,
720 759 749 814 et
772 757 830 814 erit
853 755 980 815 salubris
1003 756 1134 830 curatio,
1157 755 1181 812 si

159 849 227 922 post
257 847 413 922 clysterem
442 846 491 904 vel
520 847 672 921 potionem
698 845 826 903 multum
849 846 987 903 stercoris
1019 843 1180 903 assellatus

159 935 258 994 fiierit.
304 934 368 1003 Quo
391 935 471 992 facto
499 936 602 992 statim
625 934 813 1008 intestinum,
841 933 921 1009 quod
943 933 979 992 de
1002 934 1069 992 colo
1094 932 1181 990 indu·

160 1027 261 1083 ratum
283 1026 382 1082 fuerat
405 1026 434 1081 et
455 1023 604 1096 tumebat,
631 1042 691 1081 non
719 1023 876 1098 apparebit
898 1021 1016 1081 reddita
1038 1024 1180 1080 sanitate.

463 1213 521 1277 LI.
545 1212 595 1277 De
617 1214 721 1278 dolore
743 1214 867 1278 vesicae
1192 1236 1212 1274 ro

232 1334 264 1392 Si
283 1333 426 1392 currendo
444 1335 535 1392 fuerit
552 1337 671 1393 inversa
689 1336 796 1402 vesica,
820 1333 926 1393 similis
945 1333 1030 1392 dolor
1052 1336 1120 1392 sine
1138 1333 1180 1390 in-

160 1424 283 1482 flatione
306 1442 342 1480 ex
365 1441 465 1482 cursus
488 1425 599 1482 iniuria
622 1426 653 1481 et
674 1425 829 1482 nimietate
851 1424 1021 1498 frequenter
1044 1422 1178 1499 emergit.

161 1513 240 1570 Huic
257 1531 379 1570 manum
397 1513 522 1571 subicies
540 1514 572 1571 in
595 1532 685 1571 anum
704 1515 734 1571 et
756 1511 901 1587 deprimes
920 1530 1013 1586 usque
1035 1510 1075 1570 ad
1101 1529 1180 1570 vere·

162 1605 244 1660 trum
262 1619 373 1675 versus,
391 1601 443 1659 ubi
461 1603 594 1660 invenies
613 1603 743 1660 vesicam
761 1603 824 1661 eius
842 1602 915 1659 lotio
935 1602 1065 1677 plenam,
1090 1618 1179 1676 quam

164 1710 182 1748 a
200 1690 303 1748 dextra
322 1693 352 1748 et
375 1690 495 1749 sinistra
513 1693 598 1765 parte
621 1690 727 1750 leviter
745 1690 873 1748 adduces
891 1708 1008 1750 sursum
1026 1689 1066 1747 ad
1090 1708 1179 1747 anum
1191 1705 1211 1745 rs

163 1796 265 1838 versus
284 1780 315 1837 et
333 1777 478 1854 deprimes
498 1797 565 1838 cum
583 1781 657 1855 oleo,
681 1781 711 1837 et
728 1779 921 1837 minotionem
938 1796 1095 1854 provocas,
1118 1781 1178 1836 tam

164 1867 216 1925 diu
239 1867 331 1926 donec
349 1868 466 1925 urinam
484 1868 590 1927 faciat:
612 1869 789 1927 liberabitur
810 1868 950 1943 periculo,
974 1867 1010 1925 de
1033 1886 1095 1943 quo
1119 1866 1178 1925 eni·

164 1957 256 2015 melia
280 1956 401 2014 difficile
424 1956 561 2015 evadunt.

178 2129 257 2194 LII.
284 2128 372 2194 Cossi
394 2134 423 2193 et
444 2129 588 2193 lumbrici
610 2151 673 2211 qao
696 2150 771 2193 curo
794 2128 942 2194 tollantur
964 2129 1166 2193 admocum.

233 2250 310 2309 Sunt
332 2251 385 2308 alii
409 2253 460 2325 qui
487 2249 604 2309 assidue
634 2250 766 2308 dolorem
792 2251 904 2308 ventris
931 2252 1092 2324 patiuntur
1118 2250 1209 2308 sinere

165 2341 228 2399 ulla
257 2340 411 2399 inflatione
440 2358 493 2397 nec
522 2339 711 2398 vehementer
740 2358 770 2397 se
802 2338 941 2398 volutant
970 2342 1001 2397 et
1033 2341 1120 2414 quasi
1147 2339 1176 2394 in

237 2482 252 2529 2
273 2474 459 2528 (11111134.
535 2479 566 2526 11
588 2472 660 2526 Chir.
677 2489 698 2526 c.
716 2477 774 2525 235.
848 2478 882 2525 20
901 2470 1091 2526 (1111111236.

238 2606 251 2652 1
271 2615 338 2652 nam
356 2617 382 2667 q.
398 2600 464 2653 FV
483 2604 486 2664 Ι
509 2598 633 2652 invenies
652 2600 680 2651 A
702 2602 711 2664 ll
735 2603 750 2650 2
769 2599 849 2651 tanto
868 2614 918 2651 om.
934 2598 1027 2652 AFP
1047 2599 1057 2666 ΙΙ
1080 2603 1098 2650 4
1117 2611 1176 2652 cum

165 2670 259 2724 AFP
271 2673 280 2739 ll
294 2676 310 2723 5
329 2671 413 2738 lengo
427 2671 448 2722 t.
463 2669 494 2721 F
507 2671 511 2737 Ι
527 2668 740 2738 refrigerabitur
753 2669 781 2722 P
794 2670 866 2723 OEair.
882 2670 891 2737 ΙΙ
905 2673 920 2720 6
941 2668 1028 2722 etiam
1046 2668 1076 2721 in
1094 2667 1113 2722 1.
1128 2667 1155 2721 P
1150 2663 1178 2790 Il]

167 2740 356 2793 'ladsellatus
382 2738 504 2793 ediderit
528 2740 567 2793 ed.
589 2758 633 2808 pr.
657 2739 812 2793 reddiderit
835 2741 863 2793 P
885 2739 980 2793 reddit
1004 2739 1129 2793 invenies

165 2811 290 2865 invenies
310 2812 338 2864 A
351 2813 390 2881 118
410 2825 427 2862 a
441 2826 463 2862 o.
479 2810 519 2863 ed.
529 2827 574 2878 pr.
592 2817 595 2876 Ι
611 2811 812 2879 praeduratum
830 2812 858 2864 P
870 2811 943 2865 fflrir.

239 2888 272 2935 10
291 2881 326 2936 de
345 2881 441 2935 dolore
458 2881 615 2935 retentione
633 2882 732 2936 urinae
749 2882 779 2934 in
798 2882 891 2936 vesica
904 2883 935 2936 F
946 2884 955 2950 ΙΙ
971 2887 1002 2935 11
1022 2880 1047 2935 ei
1065 2880 1175 2953 <vesica

168 2953 271 3024 Gaea>
288 2953 422 3007 canendo
442 2952 528 3007 fuerit
542 2953 651 3007 inversa
666 2952 765 3007 similis
781 2953 807 3005 d.
823 2953 883 3007 sine
897 2953 914 3005 i.
929 2954 1001 3025 culp.
1018 2952 1042 3006 si
1056 2949 1174 3007 curanda

167 3024 272 3078 fuerint
289 3025 419 3080 universa
442 3024 527 3077 simul
546 3024 571 3078 d.
591 3024 621 3076 in
640 3024 657 3077 i.
679 3026 706 3078 A
725 3025 749 3077 si
768 3024 861 3092 passio
885 3023 971 3079 fuerit
992 3025 1023 3077 in
1040 3025 1134 3078 vesica
1150 3022 1176 3075 et

168 3095 261 3149 facilis
281 3095 306 3148 d.
322 3096 382 3151 sine
401 3096 418 3149 i.
433 3096 495 3150 FP
506 3098 515 3166 ll
530 3101 563 3148 12
584 3112 618 3149 ex
637 3095 671 3219 od]
692 3098 721 3150 et
743 3096 853 3149 urinam
873 3095 908 3150 de
925 3095 1030 3149 iniuria
1048 3095 1135 3149 nimia
1151 3092 1176 3147 P

168 3170 196 3222 et
214 3167 382 3221 minandum
400 3167 474 3221 iuria
491 3167 580 3220 nimia
599 3167 648 3236 qui
669 3183 714 3221 em
731 3168 779 3236 Fr
796 3167 918 3236 erumpit
936 3168 964 3221 A
982 3167 1114 3237 irrumpit
1132 3161 1175 3234 Gli

170 3244 202 3292 15
218 3240 254 3291 ad
269 3239 413 3293 dexteram
428 3241 456 3292 et
470 3256 490 3291 s.
506 3240 615 3306 partem
629 3238 660 3290 F
672 3238 708 3292 ad
723 3239 749 3291 d.
764 3239 910 3306 partemA
926 3240 929 3306 Ι
946 3238 1049 3292 leniter
1062 3239 1101 3292 ed.
1112 3252 1153 3306 pr.
1168 3233 1172 3303 Ι

168 3308 285 3364 adducis
304 3311 343 3363 ed.
355 3328 400 3378 pr.
418 3311 421 3378 l
445 3309 553 3378 aliquid
573 3309 705 3362 adversus
724 3325 748 3361 a.
764 3311 791 3363 A
814 3311 823 3378 ΙΙ
847 3314 879 3362 16
899 3311 927 3362 11
946 3309 972 3362 (1.
988 3326 1011 3362 c.
1027 3325 1051 3362 o.
1067 3311 1094 3363 P
1107 3308 1172 3363 (1111.

78 3441 81 3447 ,
169 3382 198 3434 11
217 3380 243 3433 d.
260 3398 310 3435 om.
326 3381 365 3434 ed.
376 3398 421 3448 pr.
442 3383 471 3435 et
485 3380 627 3449 opprimas
642 3396 664 3432 c.
680 3397 704 3433 ο.
720 3381 783 3434 AF
797 3383 801 3448 Ι
817 3382 928 3434 tantum
947 3379 1035 3434 donec
1050 3381 1099 3449 ΑΙΙ
1114 3375 1172 3433 111.

169 3450 244 3505 enim
263 3452 375 3519 depe
394 3467 449 3521 quo
468 3452 496 3506 P

241 3527 273 3576 19
294 3522 329 3576 (11
348 3522 450 3576 cosulis
470 3524 498 3576 et
516 3520 534 3574 l.
550 3522 578 3575 A
597 3520 633 3573 de
652 3520 727 3573 coxis
745 3520 763 3575 l.
779 3523 827 3591 F}
844 3522 880 3575 ad
899 3541 935 3575 m.
950 3539 1000 3576 om.
1015 3523 1044 3576 P
