2509 3892
183 143 226 207 62
620 142 756 196 vassu
1242 217 1243 226 ,

1241 247 1242 280 1

182 312 328 385 viscosus,
356 330 391 369 ex
414 328 473 387 quo
497 313 596 369 evenit
618 311 774 370 fastidium
801 313 832 369 et
859 312 992 371 faucium
1015 314 1194 389 praefocatio
1241 305 1242 334 ¹

182 401 214 458 et
236 400 392 474 synanche.
433 399 462 457 A
484 400 624 475 pulmone
643 402 743 458 autem
761 401 868 459 humor
891 419 1017 475 crassus,
1040 402 1194 479 sanguino·
1239 435 1245 484 4

182 489 280 547 lentus
310 491 341 547 et
362 490 440 547 male
464 489 604 548 odoratus
635 491 767 557 emanat,
794 490 891 548 coloro
921 489 1050 567 pallido:
1080 511 1115 550 ex
1139 510 1194 567 qua

183 596 272 637 causa
294 576 371 636 fiunt
387 578 641 654 peripleumonici,
663 578 815 653 vomicosi,
838 579 1027 654 orthopnoioi
1046 582 1078 637 et
1098 580 1194 656 phthi·
1239 587 1240 638 3

147 669 243 726 Asici.
293 666 323 724 A
353 666 456 727 morbo
494 669 594 725 autom
627 667 724 727 maleo
761 669 844 726 venit
879 668 987 726 humor
1022 670 1137 728 multus
1168 672 1193 726 et
1213 641 1240 730 ,i

182 774 298 815 crassus
328 759 358 814 et
387 754 530 831 pallidus:
556 775 591 814 ex
614 775 675 831 qua
697 776 728 814 re
751 756 786 815 fit
809 757 1005 831 catarroicus,
1035 757 1193 834 profluvius
1239 791 1240 828 3

115 851 117 855 “
180 846 300 904 Atticus
333 848 364 903 et
399 847 559 921 suspirium
592 845 761 904 articulare.
814 846 842 903 A
873 847 970 904 iecore
1002 847 1111 906 humor
1143 849 1193 905 erit
1238 859 1240 900 ξ

179 935 290 993 lividus
323 936 353 992 et
383 933 487 993 viridis
520 937 551 992 et
581 934 715 1007 tabidus,
747 953 807 993 non
836 934 922 994 valde
955 953 1072 994 crassus
1103 954 1192 1012 neque
1239 953 1240 956 ¹

180 1023 292 1083 olidus:
322 1042 358 1081 ex
391 1041 451 1098 qua
481 1043 514 1080 re
543 1022 619 1081 fiunt
649 1025 819 1099 syntectici,
848 1023 1018 1100 hydropici,
1049 1025 1191 1085 febricosi
1239 1089 1245 1096 ,¹

146 1113 250 1173 tideo
270 1114 370 1171 autem
393 1113 479 1188 signa
497 1112 671 1187 passionum
690 1130 852 1187 causasque
870 1112 1035 1187 divisimus,
1058 1133 1096 1172 ne
1115 1116 1191 1192 igno·
1202 1135 1221 1174 u
1244 1179 1245 1182 1

179 1203 260 1260 ranti
290 1220 371 1260 error
400 1203 519 1259 noceret
546 1203 577 1259 et
607 1200 725 1259 facilius
755 1200 874 1260 evidens
904 1200 1040 1260 doctnina
1072 1206 1190 1262 curaret.

179 1290 329 1366 Apsyrtus
357 1289 529 1348 huiusmodi
558 1290 594 1348 de
624 1290 828 1349 coactionibus
857 1289 990 1365 prodidit
1019 1291 1191 1350 medicinas:
1241 1327 1242 1338 ³

180 1381 207 1438 si
229 1396 335 1454 equus,
358 1379 469 1453 inquit,
500 1381 620 1438 coactus
645 1379 679 1437 de
702 1381 753 1437 via
775 1381 903 1454 venerit,
927 1379 1006 1437 oculi
1029 1382 1093 1441 aius
1117 1383 1190 1439 intro
1241 1401 1242 1454 3

180 1467 305 1526 abibunt
326 1466 375 1524 vel
398 1467 607 1542 versabuntur,
638 1469 735 1544 spirat
757 1468 887 1526 calidum
910 1469 1083 1543 frequenter
1106 1473 1190 1545 atque
1241 1469 1242 1502 ¹

179 1558 323 1631 suspirat,
346 1558 377 1614 et
399 1557 549 1616 amiculae
571 1558 659 1615 huius
683 1575 718 1615 ac
740 1557 889 1632 reliquum
912 1575 1018 1632 corpus
1042 1561 1190 1618 extensum
1200 1577 1219 1617 u

180 1647 245 1703 erit.
292 1643 381 1703 Cuius
411 1646 482 1705 talis
512 1649 557 1705 est
584 1646 712 1720 curatio,
742 1649 777 1704 ut
804 1665 911 1722 parum
940 1646 1044 1706 hordei
1068 1648 1190 1724 accipiat

145 1735 356 1809 dfaenumque
386 1753 447 1792 non
475 1735 611 1795 multum.
663 1734 751 1794 Potio
782 1738 882 1793 autem
910 1735 1081 1796 huiusmodi
1110 1755 1188 1814 prac-

177 1822 346 1899 parabitur:
368 1824 500 1899 hyssopi,
518 1824 656 1883 abrotoni
675 1843 731 1882 ana
750 1842 815 1882 uno.
834 1824 867 1898 I.,
890 1824 1039 1901 sampsuci
1057 1844 1124 1885 unc.
1142 1825 1188 1899 VI,
1244 1867 1245 1870 ,

177 1913 259 1971 faeni
278 1910 383 1971 Graeci
400 1912 493 1988 libl,
516 1913 571 1971 lini
589 1914 709 1972 seminis
727 1913 825 1989 pondo
846 1913 890 1972 H:
913 1914 986 1973 haec
1005 1917 1106 1973 omnia
1127 1918 1188 1973 tusa
1243 1945 1244 1966 1

178 2003 209 2060 et
231 2000 361 2059 cribrata
383 2003 415 2059 in
445 2002 569 2062 caccabo
592 2020 670 2061 novo
694 2020 760 2060 cum
790 2020 840 2061 sex
863 2021 958 2077 aquae
988 2005 1126 2063 sextantis
1148 2006 1217 2062 inu

178 2091 277 2150 fundis
306 2090 448 2166 addisque
470 2091 513 2149 IX
536 2091 668 2166 duplices
698 2091 782 2165 ficus,
811 2109 887 2167 quae
918 2110 985 2150 cum
1014 2091 1053 2150 ad
1078 2096 1188 2169 partem

177 2179 332 2239 dimidiam
352 2180 472 2239 decocta
491 2182 610 2248 fuerint,
630 2180 770 2238 universa
789 2183 922 2239 conteres
940 2182 1031 2257 atque
1049 2181 1187 2258 liquabis3

248 2375 264 2421 5
283 2367 355 2422 Chir.
371 2385 394 2421 c.
411 2373 469 2421 156.
543 2373 576 2420 12
596 2365 669 2421 Chir.
685 2384 707 2420 c.
724 2372 783 2420 157.

249 2554 317 2601 lex
334 2548 389 2600 hoc
408 2547 436 2600 P
460 2550 469 2612 11
496 2545 659 2599 2smancea
678 2547 740 2600 FP
759 2547 769 2615 11
796 2544 921 2597 3malus
941 2545 1010 2599 odor
1028 2546 1094 2600 AF
1108 2550 1184 2614 (corr.

176 2618 282 2687 119114
300 2618 413 2687 peripn-
428 2617 455 2670 A
471 2620 475 2684 1
491 2617 624 2670 vamicosi
638 2619 667 2672 P
681 2622 684 2684 1
701 2616 830 2670 outomici
848 2617 888 2670 cd.
899 2634 944 2685 pr.
960 2617 987 2669 A
1006 2617 1098 2687 (orth.)
1117 2620 1184 2672 orto·

176 2689 250 2742 noici
270 2691 297 2744 P
311 2692 315 2757 1
331 2688 429 2741 tussici
449 2687 522 2740 cuir.
540 2690 550 2756 11
571 2694 586 2740 6
606 2705 715 2741 croesus
733 2688 765 2742 F
786 2689 790 2757 Ι
816 2688 845 2740 et
863 2704 913 2742 om.
929 2688 1023 2742 AFP
1044 2693 1049 2757 1
1074 2705 1092 2742 a
1110 2691 1138 2743 A
1156 2705 1185 2742 ex

176 2776 233 2826 qua
250 2775 280 2813 re
298 2759 317 2812 f.
332 2776 382 2813 mn.
398 2759 475 2826 PF!
491 2759 642 2811 ortomicus
660 2760 700 2813 cd.
712 2776 756 2828 pr.
776 2758 954 2812 orthonoicus
972 2760 1001 2813 A
1019 2761 1184 2814 catacroitus

176 2831 237 2885 FP
248 2832 257 2898 11
272 2834 340 2883 1-8
354 2828 614 2882 Atticus—lividus
628 2847 678 2884 om.
694 2832 722 2886 P
736 2833 739 2899 1
757 2836 771 2883 '1
786 2847 827 2899 pr.
838 2829 971 2883 arteticus
981 2832 1009 2883 A
1023 2830 1145 2899 profluus
1159 2831 1184 2884 et

177 2900 280 2955 articus
298 2902 345 2970 F!
362 2900 529 2968 suspiriosus
549 2900 707 2955 articularis
728 2902 798 2957 cuir.
816 2904 820 2970 1
836 2901 957 2955 iocinore
975 2900 1051 2956 FA'
1063 2904 1073 2971 11
1088 2907 1104 2955 8
1121 2901 1184 2956 luri·

176 3025 228 3078 dus
248 3025 320 3080 cuir.
335 3024 354 3079 1.
369 3024 462 3093 ysicus
480 3028 510 3080 et
526 3044 551 3079 v.
567 3026 607 3080 ed.
617 3043 662 3095 pr.
689 3029 694 3095 Ι
719 3028 747 3079 et
765 3027 785 3079 t.
800 3043 849 3081 om.
865 3026 948 3093 FP}
969 2987 1082 3095 grgssus
1101 3025 1160 3081 AG
1174 3025 1183 3095 11

176 3102 191 3150 9
211 3095 322 3150 albidus
341 3096 386 3168 Ρ1
403 3096 512 3150 sciatici
530 3098 570 3151 cd.
581 3115 625 3165 pr.
646 3097 769 3150 sintetici
788 3098 881 3152 AFP
898 3098 907 3165 11
929 3101 962 3150 10
980 3097 1120 3166 passionis
1138 3096 1182 3150 ob

174 3167 316 3236 missaque
331 3167 487 3221 dimisimus
507 3169 585 3236 AP!
601 3168 729 3239 ingratus
743 3170 783 3223 ed.
795 3187 839 3238 pr.
855 3169 882 3222 A
899 3184 948 3223 om.
964 3168 1025 3224 FP
1041 3168 1181 3237 ignoratus

175 3242 382 3311 Morpopuiusn
397 3244 429 3292 13
448 3239 541 3308 inquit
559 3256 609 3294 om.
625 3240 687 3294 FP
709 3244 713 3306 1
741 3239 814 3293 oculi
832 3240 907 3292 intro
926 3238 1066 3293 adhibunt
1085 3241 1143 3293 eiua
1156 3241 1181 3292 A

175 3311 269 3364 oculos
288 3328 352 3364 suos
370 3312 447 3363 intus
466 3310 582 3365 habebit
600 3312 629 3364 P
645 3327 669 3364 o.
685 3311 744 3364 eius
764 3309 914 3365 adhibetur
931 3310 1008 3364 intus
1027 3311 1058 3365 F
1076 3313 1086 3379 11
1105 3317 1137 3365 15
1153 3311 1180 3363 et

174 3398 224 3436 om.
240 3383 305 3437 FP
322 3385 326 3450 1
345 3382 430 3435 huius
448 3398 498 3435 om.
514 3381 608 3435 AFP
626 3384 637 3449 1
658 3387 691 3434 16
710 3382 766 3435 ista
784 3399 806 3435 c.
822 3383 865 3435 est
883 3383 911 3436 P
930 3383 939 3450 11
964 3387 996 3434 19
1014 3382 1180 3452 ponderaA

173 3452 223 3505 lib.
239 3455 266 3506 P
293 3456 297 3521 1
326 3454 409 3506 tonsa
427 3453 454 3506 A
472 3453 555 3505 tunsa
574 3453 602 3506 P
621 3454 632 3520 11
654 3456 688 3505 20
707 3452 837 3507 infundes
857 3454 885 3507 P
908 3454 918 3521 11
944 3451 1180 3508 mamaeam

179 3526 236 3579 FP
249 3527 253 3593 1
268 3523 359 3577 XVHI
372 3524 391 3576 f.
407 3525 435 3578 P
445 3525 455 3591 11
469 3528 502 3576 22
522 3523 647 3576 conteret
665 3525 721 3590 atq.
741 3522 846 3577 levabit
864 3524 933 3578 item
951 3541 974 3576 v.
991 3525 1025 3596 P·
