2509 3892
162 143 206 207 28
603 141 738 195 VEGETI

162 309 260 369 morbi
283 312 439 385 corruptus
457 312 578 387 sanguis
597 328 703 369 nervos
726 312 757 368 et
774 328 865 368 venas
884 309 991 387 implet
1009 303 1053 388 [ct
1070 303 1168 387 laedit]
1244 358 1245 391 3

129 401 254 473 hatque
277 398 424 457 debilitat.
469 398 548 457 Huic
577 399 752 476 sanguinem
782 399 879 474 primo
910 398 945 457 dc
968 401 1093 474 cervice,
1118 399 1172 456 hoc
1242 464 1246 482 .

164 489 210 546 est
232 488 268 546 de
290 488 439 547 matriculi
458 507 542 563 vena,
565 488 711 562 detrahes,
735 507 823 563 quem
841 490 985 546 acenirno
1007 490 1089 548 acbto
1110 505 1172 563 per·
1244 552 1246 556 ,

163 578 291 635 mixtum
308 596 362 652 per
379 579 478 636 totum
496 578 635 636 animalis
649 595 755 652 corpus
774 576 895 635 induces
913 578 966 651 ita,
980 581 1016 635 ut
1033 578 1088 635 illa
1103 578 1174 650 loca,

164 685 241 741 quae
263 669 372 726 vexata
394 669 472 741 sunt,
494 665 668 744 diligentius
685 685 790 744 ungas,
814 666 885 741 quia
907 665 1039 725 creditur
1060 667 1174 743 sanguis
1200 688 1211 726 a
1242 718 1246 730 .

165 755 287 816 emissus
311 776 327 814 e
355 773 476 831 corpore
500 758 530 814 et
553 757 670 830 corpori
697 773 765 813 curn
791 757 876 813 aceto
902 771 1004 813 mrsus
1029 755 1176 832 adpositus
1243 747 1245 753 ’

131 846 242 906 avitia
271 844 410 904 morbosa
433 845 550 903 siccare.
597 842 682 913 Quod
712 846 738 903 si
765 845 797 901 in
824 842 949 921 genibus
975 845 1025 902 uel
1047 844 1176 903 articulis

165 952 197 993 se
219 934 342 994 morbus
361 933 532 1008 ostenderit,
556 933 591 991 de
610 933 722 992 eisdem
744 934 818 993 locis
836 934 1012 1010 sanguinem
1036 932 1178 1006 dchahes,

166 1024 215 1082 cui
233 1024 343 1082 adicies
363 1024 475 1082 cretam
494 1022 654 1096 cimoliam,
673 1024 750 1080 aceti
773 1023 916 1081 sextarios
934 1024 1005 1095 tres,
1025 1024 1087 1081 usti
1105 1021 1177 1080 cern

165 1112 286 1188 libram,
317 1111 418 1170 cimini
447 1111 514 1170 triti
541 1111 663 1185 libram,
693 1112 808 1170 resinae
831 1111 925 1169 frixae
954 1110 1078 1186 libram,
1106 1112 1178 1187 picis
1191 1132 1212 1170 ro
1242 1147 1244 1154 ι

166 1202 299 1276 liquidae
322 1200 440 1275 libram,
464 1201 535 1260 salis
559 1202 723 1259 communis
745 1200 907 1278 pugillum,
930 1202 1043 1259 stercus
1065 1200 1178 1258 bubuli·
1244 1252 1245 1255 ,

166 1310 239 1349 num
261 1307 371 1363 recens,
395 1294 540 1365 quantum
559 1290 690 1348 creditur
706 1306 794 1364 posse
817 1288 964 1364 sufficere,
987 1308 1023 1347 ex
1041 1290 1097 1348 hoc
1117 1289 1180 1346 ubi·
1244 1324 1245 1329 κ

133 1384 283 1453 lcunque
305 1381 405 1437 tumor
432 1380 619 1456 apparuerit,
647 1377 806 1456 diligenter
828 1380 945 1455 saepius
972 1378 1093 1438 illinies.
1136 1377 1181 1436 De
1244 1426 1245 1443 ,

167 1468 270 1544 palato
289 1468 459 1543 specialiter
479 1470 655 1545 sanguinem
674 1467 819 1542 detrahes,
841 1487 879 1526 ne
897 1468 1037 1544 contagio
1061 1470 1181 1543 occupet

168 1560 271 1631 caput,
291 1556 328 1615 ab
346 1557 436 1616 armis
455 1576 572 1632 quoquc
586 1556 766 1633 deplendum
780 1557 833 1631 est,
848 1559 874 1616 si
890 1558 922 1614 in
937 1556 1086 1634 prioribus
1100 1555 1181 1633 pedi·
1193 1574 1213 1614 ra

167 1645 223 1704 bus
238 1645 415 1705 claudicatio
430 1647 613 1722 apparuerit,
632 1646 681 1703 vel
700 1649 778 1706 certe
793 1645 828 1704 de
847 1647 926 1705 coxis
941 1646 1117 1704 auferendus
1139 1648 1182 1704 esi

134 1739 152 1795 5
168 1734 299 1811 sanguis,
322 1736 349 1793 si
367 1754 385 1792 a
403 1734 617 1812 posterioribus
638 1736 768 1810 coeperit
786 1734 961 1794 claudicare.
997 1735 1092 1794 Dabis
1110 1753 1181 1810 quo·

168 1843 226 1899 quc
249 1824 276 1881 ei
299 1825 450 1900 potionem
480 1823 620 1883 adversus
651 1842 751 1883 omncs
781 1823 898 1883 morbos
929 1824 1182 1899 probatissimam:

170 1914 372 1986 centauream,
402 1912 597 1987 absinthium,
619 1912 836 1990 peucedanum,
859 1914 1035 1989 serpyllum,
1061 1931 1183 1990 sagape-

168 2022 249 2075 num,
267 2002 444 2076 betonicam,
467 2004 658 2080 saxifragam,
678 2002 899 2061 aristolochiam
916 2002 1088 2074 rotundam,
1112 2003 1182 2060 hacc
1194 2019 1214 2058 ro

135 2093 269 2152 domnia
298 2090 399 2165 aequis
426 2090 604 2167 ponderibus
638 2091 745 2150 tundes
775 2093 805 2149 ct
827 2091 986 2168 diligenter
1016 2110 1130 2167 cernes,
1160 2091 1183 2148 si

169 2179 302 2238 febriunt
331 2181 487 2254 animalia,
516 2199 583 2238 cum
613 2199 706 2256 aqua3
736 2181 761 2239 si
789 2199 848 2238 non
879 2179 1023 2254 febriunt,
1052 2182 1085 2238 in
1115 2182 1182 2239 vino

242 2368 372 2423 113111.
389 2374 430 2424 15.
493 2373 526 2422 19
546 2367 618 2421 Chir.
635 2372 734 2421 cili.
768 2366 802 2421 cf.
817 2366 874 2420 Pel.
890 2383 913 2420 c.
930 2373 963 2420 14
990 2366 1182 2437 ch.116,5.

243 2538 257 2585 1
278 2547 328 2585 om.
344 2531 410 2595 LP,
428 2534 460 2582 ui
472 2529 581 2583 tidelm
594 2529 677 2582 ctiam
690 2527 712 2582 S
724 2529 733 2596 11
748 2532 763 2580 3
778 2529 858 2580 aceto
873 2542 945 2580 acer.
962 2527 1056 2582 PAF
1066 2528 1106 2580 cd.
1118 2544 1162 2595 pr.
1174 2527 1184 2591 11

171 2607 188 2655 4
207 2601 313 2655 animal
330 2618 381 2670 per
398 2603 490 2654 totum
513 2616 613 2667 corpus
634 2599 652 2652 i.
669 2599 700 2653 F
713 2601 805 2652 totum
827 2598 933 2652 animal
956 2614 1057 2667 corpus
1075 2614 1127 2667 per
1143 2600 1183 2650 to-

170 2676 232 2726 tum
246 2676 274 2727 A
290 2676 294 2740 1
310 2672 361 2725 illa
379 2688 429 2725 om.
444 2672 472 2725 L
484 2673 524 2739 116
543 2671 692 2738 impositus
706 2671 734 2724 P
749 2670 789 2725 ed.
801 2687 845 2737 pr.
859 2672 869 2739 11
883 2675 898 2722 ‘1
914 2669 1019 2724 siccare
1037 2669 1126 2723 habet
1139 2670 1165 2723 A

171 2742 215 2796 vel
230 2743 259 2795 in
273 2761 299 2811 g.
315 2743 355 2796 ed.
367 2759 411 2809 pr.
426 2743 435 2810 11
449 2747 465 2794 8
480 2741 604 2794 ostendit
617 2741 671 2795 ΒΡ
682 2743 690 2809 11
705 2747 720 2793 9
735 2741 766 2794 id
779 2744 823 2795 est
841 2741 935 2794 albam
949 2742 1013 2796 add.
1029 2744 1056 2796 A
1070 2742 1111 2796 ed.
1122 2756 1165 2809 pr.

172 2816 252 2867 aceto
269 2814 295 2867 L
321 2813 325 2884 1
349 2812 418 2866 item
432 2811 509 2864 lib.I
528 2813 556 2865 P
570 2814 633 2865 uste
648 2813 678 2865 F
693 2813 800 2866 urticae
818 2818 882 2866 onte
900 2829 941 2866 ac.
959 2814 998 2867 cd.
1010 2829 1054 2881 pr.
1072 2813 1076 2884 1
1091 2814 1182 2866 ustam

172 2884 274 2937 libram
292 2885 349 2937 tres
368 2901 388 2937 s.
408 2882 482 2936 aceti
501 2882 669 2936 exstinctam
687 2884 864 2952 1111111110
883 2884 1024 2952 cyminum
1038 2887 1072 2937 tr.
1088 2884 1115 2938 L
1132 2897 1181 2936 rcs.

172 2955 298 3025 liquidae
319 2954 363 3008 vel
381 2970 439 3007 una
456 2972 483 3023 p.
499 2953 517 3006 l.
532 2955 560 3008 P
584 2956 593 3024 11
617 2960 649 3008 11
670 2957 703 3008 st.
718 2954 783 3009 bub.
803 2973 854 3010 om.
869 2956 903 3009 L.
930 2957 964 3009 st.
983 2955 1117 3009 bovinum
1135 2955 1162 3008 P
1173 2950 1181 3017 11

174 3033 207 3081 12
222 3028 359 3095 quantum
369 3024 473 3079 sufficit
482 3027 510 3080 P
521 3027 531 3095 11
546 3031 578 3079 13
592 3026 738 3079 interlines
748 3028 774 3080 L
784 3026 866 3080 linies
876 3028 904 3081 P
915 3029 924 3095 11
939 3032 972 3080 15
987 3043 1048 3096 cap.
1059 3042 1115 3080 occ.
1126 3020 1186 3078 AF
1244 3056 1245 3095 ,

173 3099 213 3153 ed.
219 3115 264 3167 pr.
282 3100 286 3170 1
302 3100 352 3151 aut
361 3098 397 3150 ab
412 3098 469 3152 ab*
483 3101 487 3166 1
504 3097 659 3166 deplendus
669 3098 696 3151 L
710 3098 824 3167 sanguis
838 3097 1028 3152 detrahendus
1037 3099 1065 3152 P
1079 3099 1083 3168 1
1099 3097 1134 3150 de
1142 3110 1180 3163 pr.

173 3172 201 3225 P
212 3172 222 3239 11
237 3176 269 3224 16
289 3168 490 3223 claudicaverit
508 3171 536 3223 P
552 3168 690 3223 clodimcn
713 3184 738 3221 a.
753 3170 781 3222 L
797 3169 800 3239 1
817 3172 892 3223 certe
915 3170 1026 3239 ο111.Ρ1
1043 3167 1182 3222 auferatur

174 3259 195 3296 s.
211 3242 305 3311 Ρ1111
325 3241 360 3295 dc
374 3259 400 3309 p.
416 3241 464 3308 Ρ11
480 3245 512 3294 18
531 3240 623 3294 cidem
638 3239 664 3292 L
680 3241 683 3311 1
701 3239 847 3309 1111Ρ1119
866 3240 983 3293 herbam
1001 3256 1024 3294 c.
1040 3241 1181 3308 Lagen-
1244 3260 1245 3263 ¹

173 3313 282 3367 tianam
295 3315 327 3367 iu
339 3329 393 3368 ras.
411 3314 452 3367 M.
469 3328 539 3380 serp.
555 3328 612 3381 sag.
627 3328 679 3365 oui.
694 3312 722 3365 P
739 3326 809 3378 serp.
825 3327 883 3380 sag.
898 3318 923 3364 et
937 3328 993 3365 sax.
1008 3329 1058 3366 oni.
1073 3312 1107 3365 L.
1123 3310 1181 3377 posi

174 3400 246 3452 serp.
261 3384 324 3438 add.
339 3399 424 3452 parve
437 3383 571 3450 ydamum
584 3384 648 3437 AF
658 3386 722 3451 (pue
736 3381 862 3450 idanum)
876 3384 886 3450 1
900 3388 933 3435 21
951 3382 1039 3436 tunde
1054 3382 1113 3437 LP
1122 3383 1180 3433 ton·

175 3455 225 3509 des
243 3457 271 3509 A
287 3454 291 3525 1
307 3453 355 3507 dil.
371 3457 400 3507 et
418 3454 510 3507 AFP
526 3454 566 3506 cd.
578 3471 620 3520 pr.
639 3455 643 3521 1
664 3452 756 3505 cribra
775 3453 870 3521 Ρ1121
888 3452 1013 3506 febriunt
1031 3453 1083 3508 SL
1101 3447 1181 3505 febrit

175 3527 215 3580 ed.
226 3543 271 3595 pr.
287 3525 396 3596 AFPl
414 3525 437 3577 si
455 3540 520 3577 vero
538 3525 602 3577 AF
612 3524 652 3577 ed.
664 3541 708 3591 pr.
726 3525 730 3592 1
746 3523 775 3575 in
794 3541 817 3575 v.
833 3523 884 3578 SL
904 3540 967 3577 cum
980 3525 1072 3579 AFP
1089 3523 1127 3577 ed.
1137 3534 1179 3588 pr·
