2509 3892
174 129 236 193 106
474 139 477 153 ¹
612 126 747 181 VEGETI

137 300 273 372 2apium
309 295 403 354 viride
438 298 584 371 quantum
622 296 751 356 voluerit
784 296 947 372 praebebis.
1004 296 1185 374 Sanguinem

172 386 207 445 de
230 384 413 461 temporibus
438 387 491 444 aut
514 384 549 443 de
573 387 685 443 cervice
709 385 835 460 emittes,
859 387 924 445 loco
946 386 1102 445 tenebroso
1126 390 1185 444 sta-

170 480 250 548 tues,
282 477 372 549 caput
402 475 497 532 eidem
526 473 698 533 huiusmodi
727 475 814 551 aeopi
843 476 1026 534 confectione
1056 475 1185 534 curubis:

171 562 349 640 opopanacis
385 562 436 621 lib.
464 562 488 637 Ι,
519 563 634 621 resinae
666 563 862 622 terebintinae
900 583 965 623 uno.
993 564 1034 638 H,
1065 564 1185 641 galbani

170 671 235 711 unc.
254 652 278 727 1,
301 652 416 711 resinae
438 653 534 710 frixae
551 670 616 710 unc.
635 651 691 726 HL
712 655 845 712 masticis
867 655 958 711 tritae
981 672 1046 711 nnc.
1065 653 1106 726 Π,
1130 654 1185 712 olei
1208 672 1217 711 s

138 741 141 745 ’
170 744 278 800 veteris
296 741 347 799 lib.
366 741 395 798 I:
419 760 455 799 ex
476 740 531 799 hoc
550 740 578 798 ei
596 740 748 799 cerebrum
771 745 801 799 et
824 742 972 801 auriculas
996 741 1185 815 confricabis3

171 831 270 889 oleum
292 833 394 888 tamen
416 830 512 889 solum
535 849 570 889 ac
592 829 740 905 liquidum
766 832 799 888 in
827 849 912 889 aures
935 832 998 889 eius
1028 830 1184 890 suffimdee.

136 918 262 979 3Cuius
295 923 410 993 tamen,
446 920 620 995 priusquam
657 937 750 995 acopo
784 921 892 994 utaris,
929 920 1185 979 saccellationibus

171 1013 262 1085 ceput
285 1009 494 1083 cerebrumque
526 1027 671 1084 vaporare
696 1011 727 1066 te
756 1008 894 1068 convenit
924 1012 954 1068 et
981 1011 1073 1085 caput
1098 1027 1184 1087 appo

171 1100 229 1157 sito
253 1097 424 1157 cerebellari
443 1097 631 1156 communire.
677 1096 817 1157 Potiones
841 1117 960 1173 quoque
982 1118 1017 1157 ex
1040 1099 1183 1158 trochisco
1197 1116 1216 1155 u

171 1189 305 1263 superius
328 1189 491 1245 memorato
514 1186 623 1245 cotidie
641 1186 810 1261 praebebis3
833 1187 957 1262 collyrio
981 1188 1043 1245 aori
1065 1186 1182 1263 inungis

136 1275 301 1350 lassidue,
328 1278 363 1332 ut
385 1275 481 1352 caligo
506 1295 540 1333 ex
563 1276 656 1334 oculis
679 1276 774 1351 possit
797 1277 915 1335 auferri.
961 1274 1043 1345 Quae
1067 1295 1139 1335 eura
1160 1277 1183 1333 si

170 1384 231 1422 non
253 1364 420 1441 profecerit,
446 1366 535 1439 caput
558 1366 588 1422 et
610 1367 744 1439 tempora
768 1364 823 1423 sub
846 1367 912 1440 ipso
934 1367 1121 1440 protocomio
1143 1382 1182 1421 se·

98 1511 100 1514 ,
171 1453 259 1513 misse
288 1454 382 1512 inuris
413 1455 559 1527 cauterio,
595 1453 675 1528 quod
705 1456 735 1513 et
768 1472 856 1529 super
887 1472 977 1513 venas
1007 1453 1182 1529 temporales

73 1536 77 1541 ’
171 1543 270 1602 facies.
319 1541 457 1617 Plerique
485 1545 600 1615 tamen,
629 1542 720 1601 facies
750 1562 787 1600 ne
817 1542 984 1602 deforment
1011 1544 1212 1613 iumentumu

172 1632 234 1690 solo
255 1631 393 1690 tabulare
410 1632 507 1707 palati
529 1634 596 1689 usto
619 1632 686 1689 sani
709 1630 774 1689 fieri
796 1634 928 1706 possunt.
973 1632 1086 1690 Feruor
1109 1631 1182 1690 enim

171 1721 231 1778 foci
258 1720 443 1779 debilitatem
472 1721 579 1796 capitis
608 1720 691 1778 tollit
722 1723 752 1778 et
779 1721 981 1779 membranam
1010 1720 1104 1779 menti
1126 1721 1182 1796 pri·

171 1811 267 1868 stinae
290 1809 472 1883 sanitatique
493 1807 634 1868 restituit.

518 2016 602 2081 XII.
624 2016 676 2081 De
698 2019 835 2082 insacia.

76 2156 222 2200 111118111-
268 2147 332 2204 Alii
346 2150 480 2206 auctores
494 2148 672 2206 insanientis
680 2150 807 2207 iumenti
821 2147 958 2206 ardentes
967 2151 998 2206 et
1007 2148 1178 2225 sanguineos
1190 2160 1209 2201 sc

172 2236 271 2302 oculos
302 2239 333 2294 et
361 2236 483 2295 humore
513 2236 653 2312 suffusos,
684 2239 797 2295 stantes
827 2236 975 2295 auriculas
1005 2236 1110 2296 dicunt
1137 2233 1179 2294 vel

243 2430 259 2477 6
278 2424 351 2479 Chir.
367 2441 390 2478 c.
406 2430 465 2478 281.
546 2428 579 2477 16
598 2422 672 2477 Chir.
687 2440 710 2477 c.
725 2429 785 2477 282.
866 2429 900 2477 20
919 2422 992 2477 Chir.
1009 2440 1032 2478 c.
1048 2428 1109 2490 284,
1124 2427 1179 2484 ί190,

173 2503 223 2550 292
242 2496 369 2565 (Sotion),
389 2501 441 2550 288
461 2495 641 2565 (Polycletus)
661 2494 696 2548 cf.
710 2494 736 2547 H
751 2500 800 2548 107
820 2495 878 2549 Pel.
895 2511 918 2549 o.
932 2499 992 2549 404.

244 2662 259 2709 2
278 2655 322 2709 vel
342 2656 377 2711 de
396 2655 502 2709 cerviae
521 2655 623 2708 educes
642 2656 672 2708 in
690 2655 708 2709 1.
726 2657 754 2709 Ρ
773 2657 783 2725 ΙΙ
805 2660 821 2707 3
841 2655 901 2723 apii
920 2671 942 2708 o.
958 2657 986 2709 P
1000 2657 1011 2724 ΙΙ
1029 2660 1046 2708 4
1065 2672 1096 2721 1.,
1114 2652 1179 2708 terb.

173 2743 228 2780 ana
245 2744 308 2780 unc.
322 2726 348 2778 Π
366 2727 437 2796 culp.
460 2727 470 2794 ΙΙ
491 2730 507 2778 5
525 2725 618 2779 resina
636 2726 722 2781 fricta
740 2728 768 2781 A
785 2724 858 2796 picis
876 2725 1003 2794 liquidae
1022 2728 1050 2780 P
1072 2728 1076 2794 Ι
1101 2725 1178 2779 trites

172 2815 223 2852 om.
238 2799 315 2866 ΡΙΙθ
335 2798 363 2850 et
381 2798 455 2850 inter
473 2812 498 2849 a.
514 2798 571 2850 PA
590 2799 620 2849 et
638 2813 663 2850 a.
682 2798 721 2853 ed.
734 2814 778 2866 pr.
793 2798 828 2862 cf.
843 2799 882 2851 ΙΙ
891 2801 969 2863 97‚a
993 2799 997 2866 Ι
1019 2793 1178 2866 perfricsbis

172 2871 220 2938 ΡΙΙ
235 2872 250 2920 7
265 2869 402 2922 auremA
418 2871 422 2935 Ι
438 2867 1179 2940 ipsiusAPll8§§3et40m.PloopoAlleevs·

171 2955 272 3008 porare
286 2940 313 2992 A
327 2940 336 3007 ΙΙ
351 2944 384 2991 10
403 2937 541 2992 cerebello
558 2955 580 2991 e.
595 2940 635 2993 ed.
646 2957 691 3008 pr.
711 2939 802 2994 celere
816 2940 941 2993 minuere
956 2941 984 2993 A
1000 2942 1004 3008 Ι
1019 2957 1047 3008 p.
1062 2956 1117 3007 que
1130 2938 1155 2992 A
1170 2935 1177 3002 ΙΙ

173 3018 205 3063 11
226 3010 368 3065 declarato
387 3013 414 3064 A
430 3013 435 3079 Ι
452 3009 523 3064 collo
543 3011 601 3063 aori
618 3027 714 3081 marpo
732 3010 768 3065 el.
789 3010 881 3064 colirii
899 3009 966 3064 forti
984 3012 1012 3064 A
1037 3013 1041 3079 Ι
1067 3011 1177 3078 inunges

173 3085 201 3136 A
213 3084 223 3151 ΙΙ
237 3088 270 3135 14
289 3081 369 3135 innre
387 3085 415 3136 A
435 3085 439 3150 Ι
459 3096 544 3135 venas
562 3098 611 3135 om.
627 3085 656 3136 A
678 3085 687 3151 ΙΙ
714 3087 748 3136 1o
768 3081 938 3135 deformetur
956 3083 983 3135 A
1001 3098 1052 3136 osu.
1071 3081 1154 3135 facies

172 3154 236 3219 fort.
255 3151 443 3207 iumentorum
469 3156 479 3223 ΙΙ
506 3158 540 3206 16
557 3152 650 3221 palati
668 3170 718 3207 om.
733 3155 762 3208 A
790 3155 794 3222 Ι
823 3155 887 3207 usto
904 3154 932 3208 A
952 3153 1024 3208 Olu'r.
1043 3155 1084 3207 ed.
1095 3170 1137 3222 pr.
1149 3151 1176 3201 io

173 3243 258 3295 esterp.
278 3224 405 3279 confecto
423 3226 463 3279 ed.
478 3241 519 3292 pr.
540 3224 647 3278 confixo
668 3225 748 3279 Geso.
766 3227 770 3294 Ι
786 3226 902 3293 possent
919 3225 959 3278 ed.
973 3241 1018 3294 pr.
1032 3227 1042 3294 ΙΙ
1057 3229 1089 3278 17
1107 3220 1176 3277 tollit

173 3312 224 3350 om.
239 3297 266 3348 A
296 3298 299 3364 Ι
328 3296 490 3350 membrana
505 3297 533 3348 A
547 3297 552 3364 Ι
567 3296 671 3349 mentis
685 3297 712 3349 A
730 3296 820 3349 menti
837 3294 877 3349 cd.
889 3313 934 3364 pr,
951 3298 955 3364 Ι
970 3312 1007 3348 m.
1022 3294 1123 3350 mentis
1139 3308 1174 3361 pr.

172 3366 291 3420 sanitati
308 3383 330 3419 r.
347 3366 426 3420 Geso.
445 3366 492 3420 sed
510 3366 544 3432 cf.
562 3366 633 3421 cair.

245 3442 279 3491 20
298 3436 526 3507 sanguinolentos
545 3438 614 3489 oet
631 3438 740 3489 tumore
759 3437 807 3505 ΡΙΙ
821 3441 854 3489 21
874 3439 903 3490 et
921 3440 955 3490 st.
971 3439 999 3491 P
1014 3437 1059 3492 vel
1078 3436 1176 3491 stantes

174 3508 280 3574 dicunt,
300 3522 358 3562 eor.
372 3526 408 3560 m.
423 3508 513 3572 Sola,
531 3508 566 3573 cf.
582 3506 655 3561 cair.
666 3522 695 3574 p.
710 3510 755 3573 85,
770 3510 787 3560 5
804 3514 830 3561 et
847 3512 884 3562 25
