2509 3892
441 169 582 224 nucu.
601 171 626 223 ιι
647 178 701 239 ιι
1032 173 1072 236 97

64 342 94 398 et
115 342 234 417 gemtus,
261 340 381 399 auditus
411 343 443 398 et
470 341 564 399 visus:
595 340 676 416 quod
698 342 844 416 quantum
872 341 963 401 habet
991 345 1073 419 pote·

63 429 163 503 statis,
191 431 310 487 tantum
339 429 466 488 sustinet
493 448 529 486 ex
557 428 700 506 languere
730 429 917 490 discriminis.
963 429 1108 491 Gausasl

63 515 178 592 itaque,
205 537 240 577 ex
268 517 375 593 quibus
398 517 598 596 aegritudines
620 520 811 596 generentur,
840 523 871 578 et
893 520 991 598 signa,
1021 540 1075 597 per

63 625 138 680 qnae
160 607 293 682 qualitas
315 607 475 666 earundem
496 608 593 682 possit
615 607 745 684 agnosci,
769 625 855 667 curas
879 608 977 683 etiam,
1001 629 1073 685 qua-

41 713 128 753 erum
146 696 262 755 medela
279 696 392 755 sanitas
405 698 568 770 revocetur,
581 715 635 771 per
653 696 787 756 ordinem
801 695 932 756 indicere
946 701 1073 774 tempta·

63 783 165 844 bimus.
205 784 388 861 Plerumque‘
406 788 507 844 autem
528 785 561 842 in
581 785 753 860 corporibus
775 786 975 845 iumentorum
996 788 1107 847 indi-3

66 873 202 949 gestionis
225 873 300 932 vitio
323 875 444 951 sanguis
467 875 675 950 corrumpitur.
710 872 796 943 Quod
818 875 925 949 evenit,
949 894 1015 934 cum
1038 895 1072 935 ex

67 965 147 1021 aestu
174 962 221 1021 vel
249 962 360 1040 frigere
393 962 552 1022 debilitata
581 965 651 1022 sunt
677 963 809 1022 membra
839 968 869 1023 et
897 963 979 1023 noxii
1006 984 1073 1025 san·

67 1052 161 1127 guinis
183 1053 265 1111 virus
292 1052 324 1109 in
352 1055 443 1129 capnt
469 1070 500 1111 se
523 1053 617 1127 rapit:
645 1035 716 1111 tunc
739 1053 818 1111 enim
844 1053 966 1131 repletis
989 1057 1072 1112 venis

36 1157 57 1195 rc
67 1139 174 1198 cerebri
199 1140 372 1200 membrana
394 1140 574 1201 distenditur
603 1144 634 1198 et
663 1142 758 1200 somni
785 1142 992 1202 salubritatem
1015 1145 1072 1202 fre·

66 1232 185 1303 quanter
207 1229 345 1289 excludit.
390 1230 436 1288 Ex
458 1247 518 1305 quo
545 1231 711 1289 necessario
740 1229 825 1290 dolor
854 1232 971 1307 capitis,
993 1251 1072 1292 mae·

67 1317 145 1376 stitia
166 1322 197 1377 et
214 1318 405 1378 imbecillitas
424 1318 622 1394 subsequitur.
664 1317 745 1387 Quae
763 1319 904 1379 valetudo
928 1324 958 1379 et
975 1322 1073 1397 prima

66 1405 178 1465 ridetur
200 1411 231 1466 et
252 1408 354 1483 levior,
378 1409 404 1466 si
426 1408 513 1466 velox
535 1406 683 1467 medicina
706 1407 883 1468 subvenerit.

432 1650 481 1716 ΙΙ.
504 1650 555 1715 De
577 1653 693 1732 apices.

34 1802 54 1840 a
127 1780 264 1841 Ceterum
281 1799 349 1839 cum
366 1782 472 1840 noxius
490 1784 612 1857 sanguis
625 1782 830 1841 membranam
848 1784 961 1842 cerebri
979 1803 1013 1842 ex
1044 1795 1177 1836 maschu-

64 1888 120 1929 una
148 1874 235 1946 parte
266 1869 434 1946 pertuderit
465 1871 497 1929 et
527 1870 652 1930 eandem
684 1870 785 1931 dolore
817 1873 910 1932 nimio
941 1874 1072 1949 coeperit

65 1978 264 2036 praegravare,
282 1958 411 2018 efficitru
428 1959 542 2019 animal
559 1961 710 2035 apiesum:
733 1960 817 2020 cuius
835 1965 866 2020 et
883 1981 966 2022 mens
983 1963 1071 2022 hebe-

65 2050 143 2107 tatur
163 2051 195 2108 et
216 2047 306 2108 visus.
346 2047 427 2107 Nam
449 2047 562 2107 cerebri
583 2049 773 2109 incolumitas
797 2053 830 2109 et
851 2051 952 2111 oculos
974 2054 1072 2127 pascit

66 2140 93 2195 et
112 2156 221 2197 sensus.
262 2136 299 2196 ln
325 2156 386 2213 qua
407 2138 544 2213 passione
573 2138 644 2213 quia
673 2157 825 2214 unapars
855 2140 963 2215 capitis
986 2160 1070 2216 prae·

34 2229 210 2301 ingravatur,
232 2229 378 2303 tanquam
400 2226 439 2285 ad
460 2227 572 2285 molam
594 2227 680 2286 vadit
701 2227 734 2286 in
756 2248 870 2306 gyrum.

67 2373 271 2382 -ι----.

130 2474 145 2522 6
163 2466 237 2521 cuir.
252 2484 275 2521 c.
291 2472 350 2521 256.
426 2472 458 2521 15
477 2465 550 2520 chit.
566 2484 588 2521 c.
605 2473 665 2521 257.

68 2613 270 2623 ,ψ’-»-

131 2718 193 2771 let
210 2734 261 2772 cna
275 2717 315 2771 ed.
327 2733 372 2786 pr.
397 2717 402 2786 Ι
427 2731 461 2770 ac
478 2734 503 2771 v.
517 2717 558 2771 ed.
569 2735 614 2785 pr.
640 2718 644 2787 Ι
669 2717 840 2786 potestatem
858 2720 886 2772 P
905 2719 915 2787 n
938 2716 1068 2772 alabere

68 2788 102 2841 ed.
112 2806 153 2856 pr.
167 2790 177 2857 fl
191 2793 207 2841 3
225 2789 396 2857 generantur
412 2789 657 2856 Ρ114οοιιιιιᾶοιιι
674 2789 714 2842 ed.
725 2805 769 2858 pr.
786 2790 814 2843 P
824 2791 863 2859 nt
882 2789 1008 2844 iudicare
1022 2792 1050 2844 P
1060 2790 1071 2860 1}

69 2859 245 2928 tplurimum
263 2861 291 2913 A
313 2861 323 2928 ΙΙ
346 2857 455 2912 *lvitiis
474 2861 503 2914 A
527 2862 531 2928 Ι
556 2859 702 2930 sanguinis
719 2858 866 2928 plenitudo
886 2862 914 2915 P
926 2861 998 2916 ouer.
1015 2862 1020 2930 Ι
1036 2877 1070 2915 ex

68 2947 111 2984 cuc.
125 2933 152 2985 P
175 2934 184 2999 ΙΙ
211 2936 228 2984 8
246 2932 285 2985 sic
303 2931 337 2985 P.
356 2932 386 2984 et
403 2930 433 2983 in
451 2930 545 3000 capite
562 2931 651 2984 frixus
675 2931 789 3001 sangris
810 2931 928 2985 vertitur
946 2932 976 2985 in
993 2932 1069 2986 virus

68 3003 102 3055 ed.
112 3019 154 3070 pr.
173 3001 288 3073 sanguis
306 3003 343 3070 (1)
368 3001 538 3056 convertitur
559 3002 590 3055 in
612 3002 688 3055 virus
707 3004 735 3056 A
757 3010 803 3057 cet.
822 3020 872 3058 om.
910 3005 919 3072 ΙΙ
959 3003 1069 3057 9enim

68 3089 111 3127 oa.
125 3075 171 3142 Pp
185 3078 219 3126 10
236 3072 392 3127 membrani
411 3072 610 3126 distenduntur
628 3075 674 3142 ΡΙ
690 3072 841 3128 salubritas
859 3073 891 3128 fr.
912 3074 1070 3129 excluditur

70 3145 110 3214 Pp
123 3150 154 3198 12
173 3143 250 3197 subit
266 3145 306 3198 ed.
317 3162 362 3213 pr.

133 3221 163 3270 15
177 3231 211 3269 ex
220 3232 246 3268 u.
257 3233 284 3284 p.
295 3216 335 3269 ed.
341 3233 386 3285 pr.
406 3231 440 3269 ex
457 3232 543 3268 unam
554 3219 664 3285 partem
673 3215 848 3284 pertenderit
857 3218 885 3270 A
897 3219 907 3285 ss
923 3222 955 3270 16
970 3217 1067 3271 eadem

70 3287 127 3356 ΡΙΙ
157 3291 189 3340 17
208 3289 237 3340 et
254 3287 347 3341 occari
381 3288 386 3354 l
424 3286 592 3341 evitaturP
620 3289 629 3355 ΙΙ
665 3292 697 3340 18
717 3287 871 3341 etvisuP
905 3290 914 3357 Η
951 3293 983 3341 19
1003 3292 1067 3369 quia

71 3413 94 3493 A
116 3413 125 3479 ΙΙ
149 3416 182 3464 20
201 3410 279 3466 vadit
296 3412 326 3465 in
344 3429 444 3482 gyrum
462 3412 502 3466 ed.
518 3430 578 3481 pa:
595 3411 638 3465 ita
656 3412 723 3479 aqui
742 3372 817 3535 (ggui
838 3413 873 3482 G)
891 3410 968 3465 mule
987 3411 1068 3494 addit

71 3482 289 3622 {rigrlpmprjllgti
314 3483 383 3561 equi·
408 3482 484 3537 mulo
512 3483 627 3554 [equum
655 3486 705 3536 aut
732 3499 838 3564 muum
869 3483 908 3552 V]
935 3484 1011 3550 rapit
1037 3500 1067 3534 ιιι

116 3653 232 3697 Vtamur
246 3655 281 3695 ed.
295 3655 461 3696 hommatzech.
892 3643 906 3689 7
