2509 3892
438 146 578 202 MVLOM.
597 147 611 200 1
629 153 663 201 25
1012 148 1057 214 49

50 313 148 391 digitis
170 315 294 375 inferius
318 334 410 392 quam
432 315 511 375 oculi
532 318 603 374 sunt
629 315 808 375 inciduntur.
854 315 967 385 Quibus
985 336 1056 377 vero

49 402 198 462 fastidium
226 403 319 464 inerit
348 403 398 464 vel
431 405 609 464 arteriarum
638 406 687 465 vel
716 406 848 464 faucium
876 409 977 465 tumor
1008 407 1058 467 rel

47 494 251 571 praegravatis
284 495 406 570 capitis,
438 494 474 552 de
505 494 608 568 palato
642 494 818 554 auferendus
850 497 896 554 est
927 498 1056 574 sanguis

48 577 157 648 Quibus
183 584 284 641 autem
310 582 412 659 pulmo
443 585 489 643 est
510 584 543 640 in
572 600 661 642 causa
689 585 737 643 rel
763 585 845 642 iecur
874 586 922 643 vel
948 587 1092 660 cetera‚4

25 687 121 744 equae
143 671 188 731 bis
210 673 310 731 ricius
335 674 406 732 sunt
426 670 581 745 membris,
608 671 644 731 de
671 673 790 747 pectore
813 672 988 733 minuendus
1011 677 1058 734 est

48 775 81 815 ex
102 761 183 819 venis
213 779 289 837 quae
318 762 435 836 positae
456 761 527 820 sunt
556 760 662 820 derha
689 779 724 819 ac
750 762 886 835 sinistra,
915 760 967 819 ubi
989 762 1057 821 bra-

48 846 144 907 chiola
170 851 391 927 coniunguntur
420 852 450 908 et
478 848 590 908 flexura
616 848 663 924 fit,
694 867 761 909 cum
790 869 890 909 armus
917 850 1056 926 plicatur.

49 932 157 1002 Quibus
173 957 242 997 vero
266 940 344 997 armi
363 938 396 998 in
418 957 508 998 causa
525 940 603 1014 sunt,
627 939 658 997 et
680 940 814 999 cretiacis
837 939 874 998 de
896 939 1090 1000 bracbiolist

49 1027 164 1103 sanguis
185 1029 352 1103 minuatum
379 1046 455 1103 quae
483 1044 577 1086 venae
606 1027 722 1103 positae
746 1030 816 1088 sunt
837 1029 976 1099 interius,
1005 1027 1057 1088 ubi

27 1116 173 1175 scentriae
192 1115 226 1175 id
245 1118 291 1175 est
307 1116 435 1176 musculi
452 1116 651 1176 brachiolares
669 1119 748 1192 sunt,
771 1135 821 1176 sex
844 1117 946 1195 digitis
969 1135 1055 1192 supe·

48 1202 108 1263 rius
129 1223 215 1279 quam
238 1225 332 1283 genu,
357 1204 454 1265 tribus
475 1205 524 1265 vel
548 1204 661 1265 duobus
691 1206 794 1284 digitis
816 1207 942 1266 inferius
965 1223 1056 1282 quam

49 1293 178 1352 cestriae.
222 1293 289 1353 Hae
319 1313 411 1353 venae
441 1296 553 1373 sagitta
581 1294 789 1369 percutiantur
818 1294 868 1355 sed
891 1296 992 1372 caute,
1022 1298 1057 1355 ut

49 1380 156 1441 mediae
177 1385 349 1460 tangantur,
372 1385 495 1459 propter
517 1382 703 1442 debilitatem
726 1381 877 1458 animalis,
904 1386 976 1460 quia
998 1384 1055 1444 hae

51 1473 218 1532 commixtae
241 1474 311 1532 sunt
339 1473 446 1532 nervis.
493 1471 605 1541 Quibus
634 1475 733 1532 autem
764 1473 884 1532 articuli
910 1475 1090 1533 incausati

27 1561 132 1617 serunt
151 1562 247 1621 velsi
278 1562 420 1620 articulus
452 1564 604 1637 exemptus
634 1562 682 1620 vel
709 1563 838 1621 intortus
868 1563 971 1638 fuerit,
1002 1564 1056 1622 aut

52 1648 188 1722 aquatilia
209 1650 348 1710 habuerit
369 1651 418 1710 vel
446 1650 591 1726 quidquid
618 1650 715 1710 simile
742 1652 775 1710 in
803 1651 937 1711 articulis
961 1653 1054 1711 conti·

51 1737 136 1812 gerit,
158 1738 249 1798 desub
272 1740 348 1799 cirro
371 1741 492 1818 sangaris
520 1740 638 1798 detrahi
660 1739 760 1799 debet:
789 1754 864 1817 quae
886 1759 980 1800 venae
1001 1759 1054 1816 po·

52 1822 121 1883 sitae
141 1831 208 1887 sunt
229 1827 354 1888 inierim
378 1847 468 1904 quam
495 1829 614 1887 articuli
641 1830 737 1889 tribus
764 1829 867 1906 digitis
890 1829 944 1890 sub
968 1832 1054 1904 cirro,

51 1912 138 1974 tribus
166 1916 269 1995 digitis
301 1936 388 1993 super
418 1936 570 1992 coronam3
604 1936 680 1993 quae
709 1937 802 1978 venae
836 1937 903 1979 cum
937 1938 1055 1979 summa

25 2004 159 2063 umubla
179 2006 346 2083 tangendae
369 2009 447 2081 sunt,
470 2007 542 2082 quia
565 2007 760 2066 articulorum
787 2009 961 2068 coniunctae
984 2011 1055 2069 sunt

52 2095 148 2153 nervis
193 2092 328 2153 Oretiaoo
352 2098 453 2155 autem
475 2096 524 2154 vel
546 2091 574 2155 si
595 2095 697 2155 basem
719 2098 854 2171 moverit,
877 2097 913 2157 de
936 2099 1052 2158 coronis

52 2182 150 2241 rectam
171 2184 291 2242 tollitur
312 2186 441 2262 sanguis.

53 2340 129 2457 ⁰211
147 2334 219 2390 cuir.
234 2351 257 2388 c.
275 2326 315 2389 18'.
376 2334 484 2391 echa.
499 2353 522 2389 c.
538 2340 580 2391 19.
641 2341 675 2390 14
694 2334 863 2390 chucus.
924 2342 956 2390 21
977 2334 1050 2390 cuir.

117 2530 295 2585 iflebctomo
314 2529 432 2585 incidite
451 2532 505 2599 ΡΙ
534 2548 579 2598 qu.
595 2530 709 2600 quidem
728 2531 767 2585 ed.
779 2548 823 2599 pr.
851 2532 861 2599 ΙΙ
889 2528 1053 2584 ainhaeret

54 2598 88 2652 cd.
98 2617 137 2668 pr.
151 2603 205 2656 erit
223 2603 298 2658 ebir.
321 2603 331 2670 ΙΙ
358 2601 566 2671 aquibus—5
581 2604 624 2656 est
642 2619 692 2656 om.
708 2604 736 2656 P
755 2603 765 2671 {l
789 2600 879 2655 ierit
896 2601 928 2655 F
948 2603 952 2671 Ι
977 2601 1053 2656 iecor

55 2670 1053 2746 AltinhisA1viciasuntmemorisGllbindedpaAll

55 2743 177 2808 8quibus
198 2744 313 2813 quidem
335 2744 377 2799 ed.
389 2761 434 2813 pr.
468 2746 473 2814 Ι
506 2760 600 2799 armus
623 2746 667 2798 est
684 2746 712 2799 A
726 2743 765 2799 ed.
777 2761 821 2812 pr.
856 2747 861 2813 Ι
895 2746 924 2798 et
942 2744 1052 2800 creticis

56 2809 81 2862 F
86 2813 109 2866 V
119 2815 187 2870 cea.
201 2833 252 2871 om.
267 2817 308 2870 ed.
318 2833 363 2885 pr.
378 2817 459 2885 APll
473 2822 489 2870 9
507 2816 635 2870 aufertur
648 2818 676 2871 P
686 2817 695 2884 ΙΙ
710 2820 743 2870 10
763 2814 897 2869 centiriae
911 2817 939 2871 A
957 2819 1053 2871 centu·

56 2881 104 2937 riae
119 2887 157 2969 ed.
168 2904 213 2956 pr.
233 2886 356 2942 cestriae
375 2889 403 2941 P
416 2888 487 2942 oea.
506 2887 566 2970 wie
580 2888 628 2955 ΡΙ
648 2887 740 2970 idest
758 2889 1051 2971 m.om.Pllllusup.

56 2957 351 3095 :athaes
366 2958 1054 3111 ursmarus.

58 3100 84 3149 u
98 3100 160 3167 quia
176 3101 243 3172 hae]
262 3116 335 3169 quae
357 3115 445 3154 venae
462 3102 491 3155 P
514 3103 523 3170 l
556 3106 590 3154 14
608 3102 704 3154 autem
722 3101 761 3155 cd.
773 3119 817 3170 pr.
836 3100 924 3155 etram
941 3103 969 3156 A
987 3117 1052 3156 vero

58 3166 133 3224 ch.
147 3174 195 3241 ΡΙΙ
210 3178 243 3225 15
262 3175 407 3241 exemptus
421 3173 450 3226 P
463 3172 534 3227 thir.
554 3175 687 3240 exceptus
703 3171 733 3225 F
748 3171 870 3227 incertus
885 3174 912 3227 A
931 3172 1051 3227 insertus

59 3236 123 3295 θεά.
134 3259 177 3311 pr.
194 3247 199 3313 Ι
214 3246 305 3298 tortus
320 3245 347 3298 P
360 3245 365 3311 Ι
382 3244 432 3296 aut
446 3243 506 3297 FP
521 3242 566 3298 vel
583 3244 655 3313 malp.
670 3245 679 3312 ΙΙ
694 3249 727 3296 16
746 3242 885 3313 quidquid
903 3244 964 3297 AP
978 3244 1049 3298 Obtr.

57 3309 150 3375 quidvis
168 3316 241 3386 culp.
271 3316 275 3383 Ι
304 3314 422 3386 in]i1P
445 3316 455 3384 ΙΙ
482 3320 514 3368 17
535 3313 683 3368 desubito
702 3316 729 3368 P
751 3314 755 3386 l
785 3314 913 3368 subtrahi
931 3315 971 3368 ed.
982 3330 1027 3381 pr.
1041 3313 1052 3385 Η

59 3385 84 3433 1⁸
94 3385 164 3440 aicP
174 3387 269 3455 (circo)
280 3386 352 3442 cuir.
367 3388 419 3439 art.
434 3384 524 3440 tribus
534 3386 592 3454 dig.
607 3385 659 3439 sub
674 3402 804 3440 coronam
816 3386 888 3456 culp.
902 3387 912 3454 ΙΙ
926 3391 960 3438 20
975 3383 1051 3437 solli·

58 3451 211 3513 duduci>
237 3459 248 3526 u
278 3462 311 3509 21
331 3456 434 3511 cretico
454 3460 482 3511 P
509 3459 513 3525 Ι
545 3460 640 3511 autem
658 3473 708 3511 om.
723 3458 763 3511 cd.
775 3474 819 3524 pr.
833 3456 861 3509 A
886 3459 891 3523 Ι
914 3461 947 3507 22
966 3454 1051 3507 rectis

58 3524 215 3594 td·1›r.AF
228 3527 331 3582 rectius
351 3529 378 3581 P
393 3527 495 3581 melius
515 3529 586 3582 Geir.

100 3623 215 3667 visamus
230 3626 264 3666 sd
279 3626 446 3666 Lommatzsch.
874 3615 890 3660 4
