2509 3892
499 191 542 247 De
561 191 712 246 codicibus.
1049 193 1114 248 XXI

81 365 123 422 et
142 361 217 421 Ven.
237 360 399 420 habuerint
416 359 549 420 ordinem
567 360 676 422 codicis
695 359 879 422 corbeiensis
898 361 949 438 qui
966 363 999 421 in
1017 361 1113 422 abavo

82 452 142 510 vel
163 452 279 510 tritavo
302 451 436 509 mutatus
459 452 554 508 sitin
576 450 711 510 ordinem
732 451 895 529 vulgarem.

162 538 251 609 Quod
275 541 301 598 si
322 540 402 598 recte
420 538 608 616 disputatum
626 542 681 609 est,
702 539 735 598 in
752 539 798 598 his
819 539 968 599 codicibus
974 532 1000 621 1)
1023 540 1113 600 habe·

85 646 160 687 mus
183 627 365 688 recensionis
384 627 409 686 L
428 630 458 687 et
475 625 536 686 AG
560 629 646 704 quasi
664 647 844 706 compagem.
868 627 900 686 id
918 630 999 705 quod
1020 631 1114 689 etiam

84 716 274 777 lectionibus
297 716 449 794 probatur,
471 717 557 776 velut

160 806 255 882 praef.
275 802 295 880 ξ
315 806 355 865 16
384 805 570 880 diliyentibuc
600 807 720 866 mortus
750 809 812 882 ipse
837 807 971 881 ⁴procedit
996 806 1112 866 FVen.

84 893 161 954 AG.
200 912 231 955 se
247 895 351 969 prodit
372 896 441 955 cett

163 987 194 1059 1,
215 986 256 1043 12
276 987 365 1044 erecto
383 985 476 1042 utitur
488 984 554 1057 pilo
571 981 762 1043 Nem-AG.
799 986 905 1044 visitur
917 1002 951 1058 p.
969 983 1002 1042 P.
1038 985 1114 1053 oica

88 1076 178 1148 turpi
196 1074 264 1148 pilo
285 1072 367 1150 vulg.
387 1091 422 1131 ex
445 1071 489 1131 ed.
507 1092 552 1148 pr.

162 1165 193 1237 1,
213 1162 264 1236 38,
284 1163 327 1221 10
348 1161 476 1221 Fornax
497 1160 554 1219 ΡΑ
576 1181 631 1237 pro
650 1162 812 1234 phemonoe

86 1251 145 1313 sed
171 1254 201 1325 1,
220 1252 262 1309 16
282 1250 474 1310 enuntiatum
487 1252 653 1309 extremum
667 1249 769 1310 omisit
781 1250 805 1308 F
819 1269 887 1310 cum
900 1250 963 1312 cod.
976 1249 1015 1325 L3
1035 1249 1115 1326 quod

87 1339 188 1400 habet
209 1337 276 1398 AG.

163 1431 194 1502 1,
214 1430 265 1502 17,
285 1430 327 1487 14
349 1429 439 1488 berto
461 1429 495 1487 in
512 1428 616 1487 litore.
633 1430 785 1488 ‚nosdter
802 1427 865 1487 FL.
882 1429 909 1486 b.
928 1423 1051 1506 <malim
1073 1433 1115 1489 est

92 1511 194 1595 quoe>
211 1519 246 1576 ira
268 1518 287 1576 l.
303 1562 309 1575 .
325 1535 375 1576 ,ra
392 1515 459 1578 AG.

162 1608 302 1681 1,12,2
327 1607 492 1666 omiserunt
514 1610 540 1665 et
562 1606 680 1665 bubulci
700 1605 725 1663 F
749 1607 780 1664 et
801 1605 826 1663 L
846 1596 928 1687 (oum
952 1598 995 1688 S).

158 1695 229 1754 Huc
257 1695 348 1754 liceat
376 1712 473 1771 pauca
503 1694 665 1772 adiungere
694 1694 730 1754 de
759 1694 859 1753 codice
888 1695 968 1754 unde
993 1695 1108 1755 editio
1123 1700 1166 1754 ed.
1174 1718 1216 1770 pr.

88 1787 265 1862 princeps
283 1783 416 1843 fluxerit:
439 1783 531 1843 codex
547 1776 638 1866 iste²)
657 1783 790 1859 capitula
808 1785 909 1843 omnia
930 1787 1013 1862 operi
1031 1787 1112 1844 anto-

89 1876 197 1950 posita
213 1872 356 1933 habebat:
378 1874 414 1931 nt
432 1871 495 1931 cod.
514 1870 552 1949 L3
576 1872 628 1932 sed
650 1872 722 1932 ordo
740 1872 885 1932 librorum
908 1877 954 1933 est
975 1875 1001 1933 is
1025 1893 1113 1950 quem

86 1962 218 2038 praebet
231 1963 334 2022 classis
349 1960 458 2022 codicis
474 1952 574 2043 A(G).
615 1961 792 2022 Inscribitur
805 1963 861 2022 sic:
885 1963 992 2038 Vocetii
1005 1963 1113 2024 Boeoti

87 2055 168 2111 ortis
190 2053 384 2111 veterinariae
401 2067 424 2110 s.
443 2051 683 2111 maimbodioinoe
704 2052 774 2110 libri
791 2051 850 2112 IV.
890 2051 939 2110 Ad
956 2056 1049 2129 caput
1069 2052 1113 2111 IV

88 2140 164 2200 libri
177 2139 225 2199 111
234 2139 253 2197 i.
264 2158 288 2199 e.
302 2140 334 2198 in
348 2141 479 2200 extremo
488 2138 566 2199 libro
577 2139 614 2199 de
628 2139 707 2201 curis
716 2140 807 2199 boum
819 2141 892 2200 haec
906 2141 1013 2200 habuit
1022 2142 1113 2201 codex

87 2228 145 2288 ille
164 2230 289 2305 scripta:
311 2228 359 2289 Ab
377 2230 564 2289 octobrias
581 2232 660 2289 tertii
672 2230 742 2289 tori
758 2247 849 2304 usque
866 2231 922 2289 troo
934 2247 995 2289 noo
1007 2231 1112 2290 boben-

90 2323 144 2377 tur
164 2320 199 2378 ia
221 2321 374 2377 sambore
396 2318 491 2378 codice
513 2323 541 2377 ot
566 2322 656 2378 totum
678 2323 808 2378 censetor
835 2336 898 2377 rosc
920 2320 1040 2378 rubrica
1062 2318 1114 2392 (ct

91 2406 159 2481 ait)
184 2411 320 2481 quattuor
341 2409 471 2480 sapsam
498 2411 525 2466 et
544 2413 702 2482 propterea
728 2409 904 2481 subsequere
930 2408 1112 2481 reputabitur

89 2500 184 2571 ooput
204 2488 399 2570 wormwood)
440 2494 531 2555 Vides
554 2496 649 2575 igitur
671 2499 702 2555 et
718 2496 797 2555 hunc
820 2494 949 2554 codicem
973 2494 1112 2555 editionis

90 2585 238 2662 principis
257 2602 319 2644 esse
338 2584 500 2644 conflatum
518 2605 553 2644 ex
571 2584 686 2644 duabus
705 2584 849 2645 classibus
867 2601 959 2661 snpra
976 2584 1111 2644 statutis:

90 2692 164 2732 nam
188 2692 223 2732 ea
253 2675 353 2750 capita
377 2665 475 2754 (nobis
498 2673 549 2734 lib.
568 2666 626 2755 lv)
650 2693 710 2734 non
737 2672 839 2733 haberi
866 2672 899 2732 in
922 2673 1021 2734 codice
1044 2692 1112 2734 con·

90 2764 187 2822 sentit
202 2780 271 2822 cnm
284 2761 309 2820 L
324 2754 429 2843 (habet
446 2763 525 2822 enim
542 2765 575 2822 in
588 2756 676 2846 fine);
695 2762 774 2840 quod
791 2782 862 2823 vero
881 2767 1040 2822 sumuntur
1051 2763 1112 2824 ista

92 2870 148 2930 pro
172 2869 235 2911 uns
256 2850 383 2926 rubrica,
406 2850 503 2910 similo
524 2856 570 2912 est
586 2852 619 2910 in
636 2852 678 2912 A:
700 2851 751 2911 ubi
774 2852 947 2913 inscribitur
964 2854 1000 2913 do
1017 2855 1111 2914 obsor-

92 2940 196 3002 osmdo
215 2941 302 3000 baon
314 2943 439 3001 sanitate
456 2942 584 3000 rotrico.
620 2942 696 3001 Erat
708 2944 804 3020 igitur
823 2942 915 3002 codex
933 2942 1111 3020 archetypus

94 3030 138 3089 sd.
157 3049 203 3105 pr.
224 3021 257 3110 (i
283 3029 369 3089 codes
390 3032 527 3090 coactor
549 3022 615 3111 ille)
641 3030 743 3090 classis
766 3029 805 3089 L:
827 3030 933 3090 deinde
957 3050 992 3091 ex
1012 3031 1111 3091 codice

92 3119 197 3179 classis
211 3109 303 3200 A(G)
339 3117 392 3178 ille
405 3118 437 3176 in
451 3118 514 3177 cod.
533 3117 558 3176 L
572 3118 648 3179 liber
667 3122 773 3195 qusrto
792 3119 858 3179 loco
875 3122 993 3196 positus
1016 3124 1061 3180 est
1078 3121 1111 3178 in

166 3362 193 3431 1)
211 3358 233 3413 F
248 3361 277 3414 et
290 3359 359 3414 Ven.
373 3359 404 3412 in
421 3358 589 3414 lectionibus
603 3376 716 3430 prorsus
730 3359 888 3415 consentire
902 3377 936 3415 ex
949 3361 1110 3430 specimine,

95 3431 171 3500 quod
187 3449 212 3484 v.
228 3431 254 3484 d.
268 3430 404 3500 Plasberg
422 3446 516 3484 meum
533 3431 563 3484 in
577 3448 658 3484 usum
677 3446 711 3484 ex
730 3430 790 3485 cod.
807 3429 877 3485 Ven.
892 3431 1049 3500 descripsit,
1067 3429 1110 3481 lu·

96 3503 221 3557 colenter
239 3504 371 3571 apparet3
390 3501 449 3556 cod.
464 3502 487 3554 F
505 3502 566 3584 ipse
585 3499 699 3555 contuli.
778 3504 805 3571 2)
824 3500 864 3555 of.
884 3500 970 3553 etiam
987 3497 1109 3568 p.111sa

165 3575 192 3644 8)
211 3570 300 3637 Quam
318 3574 416 3627 notam
433 3571 565 3642 repetivit
583 3569 737 3627 Sambucus
755 3589 780 3627 v.
796 3584 880 3639 supra
897 3587 924 3638 p.
939 3569 985 3624 IV.
