2509 3892
147 166 237 221 XXVI
548 165 590 219 De
609 165 760 220 codicibus.

144 335 293 396 hoiensem
310 335 401 394 fuisse
420 351 512 411 supra
525 352 562 393 ex
579 333 755 394 lectionibus
769 334 1027 410 comprobavimus
1046 338 1077 394 et
1094 334 1178 393 inde

145 426 271 502 apparet
301 424 380 500 quod
414 424 570 482 enuntiata
600 441 618 482 a
645 422 738 481 PMV
767 424 877 483 omissa
910 423 1001 484 habet
1032 423 1178 501 integra:

147 514 294 588 1‚12‚2.
320 514 349 587 1,
369 513 420 587 16,
439 513 468 571 3.
508 511 609 590 Igitur
626 511 776 588 putandus
799 516 878 573 esset
895 512 1039 590 vegetius
1057 514 1179 586 minor,

145 602 236 679 paulo
257 605 420 678 postquam
442 601 539 662 editum
562 603 620 674 est,
648 604 753 661 suctus
775 620 851 661 esse:
874 602 907 660 id
930 602 1011 679 quod
1032 604 1098 661 ven'
1125 604 1180 661 est
1249 547 1255 659 Ι

145 691 385 752 dissimillimum.
426 690 541 750 Deinde
564 693 665 766 partes
686 691 813 750 omissae
835 695 908 751 sunt
930 691 962 749 in
985 690 1079 749 va
1102 706 1178 749 om·
1250 685 1255 774 1

145 781 215 840 nino
229 782 412 840 necessariae
426 797 500 856 quas
515 778 553 838 ab
566 779 633 856 ipso
642 777 769 856 Vegetio
783 781 910 856 scriptus
924 779 1012 839 debet
1030 781 1179 858 agnosci:
1251 777 1255 842 Ι

145 871 237 947 prees.
256 869 303 928 111
322 866 341 945 ς
357 870 452 928 e-u
471 867 516 927 iv
530 867 623 944 pass.
639 866 659 943 e
675 869 770 927 e-e.
815 868 1055 928 Accedimus.
1097 868 1177 945 Ipse
1251 845 1255 906 ¹

146 959 289 1038 Vegetius
318 958 356 1018 de
385 955 518 1017 fontibus
549 955 609 1016 suis
639 956 793 1033 praedicat
822 958 916 1034 prees.
939 955 959 1033 ξ
984 959 1080 1018 2-3.
1136 956 1177 1016 Si
1251 939 1255 1002 Ι

145 1043 321 1127 indagamus
338 1046 589 1123 quemadmodum
606 1045 750 1124 vegetius
773 1046 865 1106 libros
886 1045 924 1105 ab
947 1049 1013 1123 ipso
1036 1065 1174 1107 comme-
1250 1005 1255 1122 i

144 1141 276 1197 moratos
299 1164 342 1178 -·-
368 1134 550 1195 Columellas
578 1134 725 1214 Pelageni
755 1133 891 1195 chironis
916 1166 961 1177 -—
985 1135 1174 1209 adhibuerit,
1249 1125 1255 1238 Ι

144 1227 279 1285 videmus
303 1224 407 1285 eodem
429 1223 517 1284 modo
536 1242 586 1284 eos
609 1227 643 1283 in
665 1242 752 1283 usum
774 1243 837 1285 esse
859 1228 981 1285 vccetos
1005 1224 1037 1284 in
1055 1223 1174 1304 Vegeti

145 1316 276 1391 epitoma
298 1316 390 1390 atque
413 1315 446 1372 in
469 1332 503 1373 eo
528 1332 616 1390 quem
639 1314 803 1389 pleniorem
825 1314 1054 1374 nominavimus.

210 1402 276 1462 Ism
311 1403 442 1462 breviter
472 1404 667 1463 retractemus
705 1421 780 1479 quas
816 1402 853 1463 de
890 1402 1041 1463 codicibus
1074 1422 1173 1480 expo·

144 1510 266 1552 suimus.

212 1580 289 1641 Sunt
311 1581 405 1661 igitur
423 1581 500 1641 duae
524 1582 645 1641 classes:
669 1581 764 1640 altera
782 1580 890 1660 Vegeti
912 1583 1043 1660 genuini,
1067 1581 1172 1643 altera

145 1672 310 1747 epitomati.
352 1668 394 1730 st
419 1670 507 1729 huius
539 1666 659 1745 quidem
686 1673 777 1730 testes
803 1670 946 1731 hebemus
974 1669 1037 1730 cod
1057 1667 1171 1746 PMV;

144 1761 226 1820 illius
249 1759 364 1820 codices
387 1761 496 1819 iterum
523 1761 555 1817 in
583 1759 657 1818 duos
685 1756 874 1819 distinximus
899 1759 1031 1820 ordines:
1058 1758 1112 1818 Ls
1139 1764 1173 1820 et

144 1848 204 1908 Ae
221 1842 361 1928 [FVen.].
402 1848 506 1908 Potest
524 1847 619 1927 igitur
642 1848 668 1907 si
690 1866 749 1907 uno
773 1847 880 1908 obtutu
899 1847 1032 1908 codicum
1055 1867 1171 1928 cogna-

144 1939 257 1997 tionem
279 1938 354 1998 velis
378 1936 544 2013 conspicari
567 1940 692 1997 stemma
715 1936 780 1996 fieri
802 1939 834 1996 in
858 1938 936 1998 hune
959 1934 1093 1997 modum:

388 2106 909 2583 Vegetius

179 2195 646 3330 Χ
483 2192 975 3356 Χὶ
1253 2571 1255 2676 ”

132 3082 217 3141 Oorb
