2509 3892
413 157 555 212 MVLOM.
573 157 612 211 III
632 163 735 212 15-17
1019 158 1085 224 265

74 327 123 386 lib.
141 346 171 403 s,
198 326 326 386 bidellac
354 326 405 386 lib.
424 326 449 398 Ι,
471 328 596 386 storacis
624 326 675 385 lib.
699 326 724 402 Ι,
746 326 858 403 piperis
887 327 950 386 albi
977 347 1042 386 nnc.
1061 327 1086 401 Ι,

74 416 180 493 piperis
199 418 282 496 longi
299 434 365 475 unc.
379 415 404 490 Ι,
422 416 564 475 bacarum
581 417 662 476 lauri
678 415 730 474 lib.
745 416 769 490 Ι,
788 435 872 475 ceree
890 418 977 476 rufae
995 417 1047 476 lib.
1061 416 1085 492 Ι,

72 506 144 581 picis
166 506 293 566 Brittiae
316 505 368 564 lib.
386 504 411 579 I,
434 505 492 564 olei
514 505 585 563 irini
609 504 689 581 qnod
713 508 787 564 satis
810 508 863 564 est.

260 731 356 797 XVI.
382 730 569 814 Compositio
591 732 713 815 collyrii
734 732 895 815 fistularis.

49 882 60 922 s
136 859 221 931 Quod
244 861 409 936 conficitur,
431 865 467 921 ut
490 862 630 921 mittatur
652 862 684 920 in
706 862 823 922 fistulas
846 864 1013 937 vulnerum,
1049 856 1193 952 ffigssssssssj

72 971 145 1027 quae
169 951 206 1010 ab
229 951 318 1010 initio
349 953 453 1011 emata
475 951 588 1010 fuerint
614 952 809 1030 negligenter.
854 951 1016 1011 Formatur
1042 985 1045 991 ·

72 1044 169 1099 autem
199 1040 238 1100 ad
267 1058 437 1099 mensuram
467 1040 562 1115 ipsius
592 1040 725 1115 fistulae,
753 1045 790 1099 ut
820 1059 889 1099 cum
918 1041 1086 1100 immissum

71 1130 174 1205 fuerit,
199 1129 323 1189 eandem
346 1131 442 1206 possit
464 1129 601 1206 implere,
624 1133 661 1188 ut
685 1132 809 1190 celerius
833 1134 1008 1206 consumpta
1031 1129 1085 1189 du·

70 1221 137 1279 ritie
166 1218 238 1277 siva
267 1233 337 1279 caro
367 1218 458 1279 ducat
492 1219 618 1278 solidam
654 1219 830 1279 cicatricem.
882 1219 962 1295 Misy
991 1219 1042 1280 lib.
1061 1219 1084 1295 Ι,
1158 1235 1161 1240 ·

36 1329 58 1367 1o
70 1308 183 1367 faculae
197 1306 248 1368 lib.
263 1307 287 1383 Ι,
306 1310 457 1387 aeruginis
471 1307 523 1366 lib.
536 1307 560 1382 Ι,
575 1308 711 1369 chalcitis
724 1309 775 1368 lib.
793 1308 817 1383 Ι,
836 1308 948 1367 cumini
961 1327 1027 1367 unc.
1041 1308 1086 1367 VI

68 1400 145 1457 tores
176 1415 244 1456 curn
273 1401 357 1457 aceto
387 1399 417 1456 et
440 1396 565 1473 collyria
594 1398 695 1457 facies.
741 1397 817 1457 Item
847 1398 937 1456 aliter
967 1400 1120 1472 compo-2
1188 1387 1190 1392 ’

69 1489 150 1546 nitur
169 1486 327 1562 collyrium
345 1485 492 1545 fistulam:
515 1487 592 1562 misy
610 1486 662 1545 lib.
681 1486 705 1561 Ι,
723 1486 872 1565 aeruginis
891 1486 943 1544 lib.
961 1487 986 1563 1,
1005 1487 1084 1545 chal-

69 1576 135 1635 citis
158 1576 210 1634 lib.
229 1575 254 1649 I,
276 1576 373 1635 mellis
396 1593 462 1634 unc.
481 1574 535 1649 VI,
557 1575 698 1635 lonchitis
721 1576 810 1653 pond.
831 1576 863 1634 Π
886 1595 995 1658 coques
1018 1596 1085 1636 cum

67 1667 137 1724 rino
159 1667 256 1724 veteri
278 1664 475 1741 pastillosque
497 1665 589 1724 facies
611 1664 721 1725 fistulis
743 1665 923 1726 inserendos.

1 1927 2 1932 κ
34 1916 55 1956 u
239 1890 356 1956 XVII.
382 1890 568 1973 Compositio
591 1892 768 1975 motopmoe
790 1894 913 1957 modae.

135 2019 233 2081 (lalcis
251 2022 338 2081 virae
352 2020 403 2079 lib.
417 2021 458 2095 Π,
476 2022 589 2097 sinapis
608 2022 806 2081 Alexandrini
824 2022 875 2083 lib.
890 2022 924 2097 I.,
942 2023 1014 2083 fieus
1046 2016 1115 2111 {51ss
1123 2015 1191 2111 ἓξὲξ

66 2112 163 2170 siccae
185 2129 251 2171 unc.
269 2110 323 2184 vl,
346 2110 493 2189 axungiae
521 2111 601 2185 quod
624 2111 735 2170 sufficit
761 2113 794 2169 in
820 2131 914 2170 unum
946 2131 1013 2171 con·
1120 2165 1124 2171 .

66 2199 173 2259 tundes
197 2202 228 2258 ct
249 2202 351 2259 uteris.

138 2392 155 2442 ὁ
175 2386 210 2441 cf.
225 2386 293 2457 ch.
309 2386 335 2440 Π
349 2392 393 2454 26,
407 2394 432 2441 3.
461 2386 534 2441 Chir.
550 2404 573 2441 c.
589 2393 649 2441 933.

138 2571 154 2619 2
173 2566 253 2620 rufae
271 2583 322 2620 om.
338 2567 366 2620 P
382 2569 472 2634 (cerae
494 2566 567 2636 picis
586 2566 631 2620 Br.
653 2583 707 2619 ana
725 2564 773 2619 lib.
790 2568 822 2636 s.)
853 2567 863 2635 11
895 2572 911 2618 3
930 2585 956 2635 p.
973 2565 1017 2621 Br.
1032 2565 1082 2620 lib.

65 2639 105 2693 cd.
116 2655 162 2707 pr.
178 2639 206 2691 A
225 2636 280 2691 olei
293 2636 424 2690 immittis
439 2654 484 2705 qu.
500 2640 527 2692 A
544 2640 548 2706 1
564 2640 702 2707 quantum
716 2638 803 2708 (quod
817 2640 852 2706 P)
872 2637 978 2692 sufficit
991 2639 1030 2692 oct.
1038 2655 1076 2707 pr

66 2710 131 2764 AP.
153 2739 187 2749 —
199 2709 306 2777 Species
323 2710 380 2764 olio
397 2708 493 2764 ordine
511 2711 581 2763 dant
599 2711 639 2764 ort.
650 2727 696 2780 pr.
710 2711 747 2778 A,
766 2710 823 2764 alto
837 2712 871 2777 P,
890 2711 947 2764 alio
962 2709 989 2762 L
1007 2727 1085 2779 qoem

64 2787 172 2835 secutus
189 2797 257 2834 cum.

137 2857 154 2904 5
169 2850 318 2919 collyrium
326 2850 452 2906 fistulare
465 2851 541 2919 qued
556 2852 595 2906 ed.
603 2869 647 2921 pr.
665 2853 669 2924 1
686 2851 717 2905 fit
732 2854 777 2922 ΡΙ
792 2856 825 2906 ut
839 2870 889 2907 om.
900 2852 928 2906 L
937 2852 1085 2923 (immitta-

64 2926 121 2992 tur)
135 2925 175 2992 116
195 2923 219 2976 si
238 2939 261 2976 c.
276 2925 296 2976 t.
312 2922 390 2993 13117
409 2924 440 2976 in
458 2940 545 2976 mens.
560 2924 587 2977 L
607 2926 616 2992 11
638 2928 654 2976 8
673 2923 795 2977 celiam
815 2941 837 2978 e.
852 2924 892 2978 ert.
904 2941 949 2992 pr.
969 2927 1002 2977 ut
1020 2940 1085 2978 con·

65 2997 179 3064 sumpta
216 2994 347 3048 utredinc
366 2997 395 3048 ct
413 2993 571 3048 callositate
589 2995 656 3047 viva
675 3011 738 3048 earo
757 2998 890 3050 nascatur
908 2997 936 3051 P
947 2998 986 3066 119
1005 2995 1085 3049 missi

65 3066 110 3120 vel
125 3081 181 3119 aer.
196 3012 269 3120 llb.I
283 3065 369 3120 calcis
383 3065 432 3119 lib.
449 3084 469 3119 s.
485 3068 513 3120 P
525 3068 574 3135 qui
587 3066 694 3120 cumini
704 3097 738 3107 —
750 3073 783 3121 12
798 3066 886 3121 chale.
902 3085 952 3122 om.
967 3069 977 3134 11
993 3072 1023 3119 11
1039 3066 1084 3121 vel

66 3155 88 3191 c.
103 3138 145 3192 cd.
155 3154 201 3206 pr.
217 3139 245 3192 A
257 3139 267 3206 11
282 3142 315 3190 13
334 3137 427 3191 mellis
444 3153 507 3191 unc.
523 3137 549 3190 V
563 3155 583 3190 s.
599 3137 625 3190 L
642 3140 647 3206 1
662 3136 788 3207 longitac
805 3140 832 3193 L
850 3138 972 3209 mugitis
987 3139 1027 3193 cd.
1038 3155 1084 3206 pr.

66 3212 92 3263 A
110 3208 324 3264 tercnbcntinae
343 3211 371 3264 P
397 3212 402 3278 1
432 3226 495 3263 cum
514 3209 541 3263 L
558 3208 588 3262 in
608 3210 636 3262 P
653 3224 686 3262 ex
709 3210 749 3263 cd.
765 3227 810 3280 pr.
825 3211 854 3264 A
884 3212 894 3280 11
927 3215 960 3263 14
979 3209 1045 3261 inde
1064 3208 1084 3262 f.

66 3282 105 3335 ed.
156 3282 206 3336 ,Α

117 3297 172 3405 pit
190 3367 213 3406 c.
224 3352 323 3406 XVII
332 3367 382 3406 ocu.
397 3352 426 3406 P
437 3354 446 3421 11
461 3356 494 3404 16
508 3351 580 3418 picis
599 3351 690 3405 siccae
700 3351 726 3404 L
741 3351 786 3405 fici
801 3351 869 3405 sicci
883 3352 911 3405 A
925 3354 934 3420 11
949 3356 980 3405 17
997 3367 1085 3418 quan-

65 3427 127 3478 tum
145 3423 186 3478 cd.
197 3440 242 3491 pr.
258 3424 285 3477 A
301 3424 306 3490 1
322 3423 352 3476 in
369 3439 458 3476 unum
476 3424 504 3476 A
523 3425 551 3476 ct
569 3440 656 3476 unum
675 3423 703 3476 L
720 3422 861 3476 immisces
880 3423 919 3476 cd.
931 3440 976 3492 pr.
