2509 3892
599 156 736 211 VEGETI

403 410 477 474 XV.
500 410 556 475 Ad
578 409 773 475 deiectionem
795 408 929 471 cervicis,

46 534 212 627 H1{3{,²,²,³J²'
259 540 293 599 Si
321 541 421 599 cervix
450 543 532 598 mota
566 541 597 597 ct
627 539 741 598 deiecta
770 541 829 611 est,
863 536 1116 595 considerabimus
1143 535 1175 592 in

210 649 300 705 quam
323 631 440 705 partem
469 628 610 702 declinet,
639 631 669 687 et
691 627 727 687 eir
750 629 869 686 diversa
890 629 976 701 parte
1000 627 1176 703 sanguinem

156 719 339 777 detrahimus
363 738 398 777 ex
422 737 457 777 ea
479 737 565 790 vena,
588 735 665 792 quae
688 718 721 776 in
744 735 815 775 aure
833 716 953 774 videtur
975 714 1177 790 amplissima:

157 827 232 883 cquae
256 810 406 867 sarmento
430 807 526 882 primo
550 806 734 865 verberanda
758 810 817 879 est,
845 807 881 863 ut
904 824 971 864 cum
998 804 1178 862 intumuerit
1209 821 1223 859 5

156 900 233 956 ferro
258 899 424 972 aperiatur,
448 897 599 970 effusoque
623 898 768 972 sanguine
791 897 910 970 postero
934 893 982 952 die
1005 895 1118 951 iterum
1141 911 1179 950 ox

156 1005 189 1044 eo
219 988 284 1045 loco
315 985 463 1044 emittitur
497 1003 584 1044 cruor
618 987 649 1042 et
678 985 768 1042 biduo
798 985 917 1042 vacatio
949 984 1048 1057 operis
1079 980 1178 1039 datur.

121 1076 256 1133 ‘lTertio
288 1093 359 1133 vero
392 1074 439 1132 die
471 1074 546 1132 levis
578 1074 748 1151 iniungitur
779 1073 864 1131 labor
896 1074 927 1130 et
957 1071 1109 1146 paulatim
1139 1069 1179 1128 ad

154 1164 250 1239 operis
270 1163 512 1222 consuetudinem
534 1166 699 1221 revocatur.
738 1161 850 1232 Quodsi
868 1160 966 1219 cervix
984 1160 1016 1217 in
1034 1163 1180 1217 neutram

153 1255 270 1328 partem
289 1253 404 1311 deiecta
424 1255 469 1311 est
487 1251 645 1327 mediaque
663 1251 815 1324 intumuit,
840 1270 875 1309 ex
892 1252 1019 1323 utraque
1039 1248 1180 1306 auricula
1195 1269 1224 1306 ro

53 1360 55 1364 ·
154 1343 275 1419 sanguis
294 1341 448 1400 emittitur.
492 1341 551 1410 Qui
570 1343 596 1399 si
614 1342 695 1400 intra
713 1340 855 1411 triduum,
879 1357 971 1414 quam
988 1337 1042 1396 bos
1065 1338 1181 1395 vitium

154 1431 277 1505 ceperit,
301 1431 424 1490 emissus
446 1449 506 1488 non
529 1433 587 1505 est,
610 1430 783 1488 intumescit
806 1428 916 1487 collum
943 1428 1087 1501 nervique
1112 1429 1180 1484 tan-

119 1520 266 1579 3duntur
289 1519 381 1579 etita
404 1522 476 1577 nata
495 1519 619 1577 durities
638 1520 742 1595 iugum
764 1538 822 1576 non
845 1519 969 1592 patitur.
1011 1515 1080 1573 'lali
1099 1514 1180 1574 vitio

153 1610 349 1684 comperimus
379 1613 484 1684 aptum
514 1626 576 1667 esse
606 1607 868 1667 medicamentum:
899 1625 933 1663 ex
963 1605 1029 1680 pice
1056 1602 1180 1679 liquida

153 1703 186 1775 et
205 1698 317 1756 bubula
341 1698 471 1756 medulla
495 1700 525 1756 et
547 1699 663 1756 hircino
687 1716 757 1755 sevo
781 1699 811 1754 et
832 1698 931 1754 vetere
950 1694 1090 1770 axungia,
1116 1693 1222 1752 cleiis

154 1807 271 1863 quoque
294 1788 403 1845 veteris
427 1787 530 1861 aequis
551 1785 732 1862 ponderibus
756 1784 954 1860 compositum
977 1783 1181 1856 concoquitur

154 1881 184 1935 et
207 1876 249 1934 sic
272 1876 416 1934 utendum
439 1880 496 1934 est:
524 1895 592 1933 cum
614 1875 668 1934 bos
698 1874 735 1932 ab
763 1894 851 1950 opere
875 1873 1059 1949 disiungitur
1081 1871 1115 1928 in
1139 1890 1180 1931 ea

152 1965 275 2041 piscina,
299 1984 334 2023 ex
353 1985 414 2040 qua
432 1965 519 2037 bibit,
537 1968 654 2024 tumens
674 1965 773 2023 cervix
791 1964 912 2022 lavatur
930 1960 1180 2036 confricaturque

118 2055 313 2132 ldiligenter
339 2054 491 2130 praedicto
519 2054 735 2113 medicamento
763 2053 939 2127 detersaque
961 2051 1093 2109 linietur.
1142 2048 1180 2108 Si

152 2165 187 2204 ex
210 2147 274 2203 toto
304 2146 426 2220 propter
450 2146 597 2201 tumorem
628 2142 750 2201 cervicis
780 2144 885 2218 iugum
907 2141 1037 2212 recusat,
1066 2139 1178 2213 paucis
1194 2160 1223 2198 ao

152 2233 255 2292 diebus
284 2233 401 2307 requies
428 2232 465 2290 ab
496 2250 583 2307 opere
611 2231 709 2290 danda
741 2233 800 2302 est,
828 2233 858 2288 et
888 2229 986 2288 cervix
1010 2247 1089 2304 aqua
1121 2228 1178 2285 111-

152 2323 222 2401 gida
255 2320 396 2381 diluenda
433 2325 463 2379 et
498 2339 603 2396 spuma
641 2322 758 2397 argenti
791 2319 924 2377 liniendo
959 2320 1011 2376 est.
1068 2315 1177 2376 Celsus

224 2551 239 2598 2
259 2548 336 2598 mota
355 2546 394 2598 cd.
406 2564 450 2614 pr.
467 2546 528 2599 ΑΡ
541 2544 595 2599 cor.
613 2543 714 2596 vitiata
732 2543 759 2596 L
772 2544 812 2611 113
832 2544 941 2612 partam
960 2557 1011 2594 om.
1026 2541 1067 2595 cd.
1077 2558 1124 2608 pr.
1146 2543 1177 2596 A

152 2617 181 2668 in
201 2634 256 2685 qua
275 2618 356 2685 parte
375 2617 402 2669 L
424 2619 433 2685 11
456 2623 473 2668 4
493 2632 525 2667 ex
544 2615 667 2682 uinaque
686 2614 716 2667 in
735 2631 832 2668 aurem
851 2616 943 2666 curret
961 2628 986 2664 a.
1006 2611 1033 2664 L
1053 2613 1092 2678 115
1113 2628 1176 2665 sar-

152 2691 250 2741 cocata
269 2689 308 2741 ed.
320 2705 364 2755 pr.
386 2690 531 2740 sarcocuto
550 2688 597 2754 ΑΙ
614 2686 692 2755 prius
711 2686 750 2739 ed.
762 2703 807 2755 pr.
823 2686 884 2740 AP
902 2687 906 2753 1
927 2685 959 2736 ut
977 2683 1004 2736 L
1023 2685 1052 2736 et
1069 2684 1145 2752 culp.
1165 2684 1177 2754 11

153 2765 168 2812 6
187 2761 298 2826 postero
319 2759 364 2811 die
383 2760 423 2812 cd.
434 2776 478 2827 pr.
495 2760 522 2812 A
539 2758 593 2812 Col.
613 2760 756 2825 postremo
775 2757 822 2810 die
840 2757 868 2810 P
883 2757 948 2824 post
971 2754 1096 2806 triduum
1118 2755 1145 2808 L
1169 2759 1171 2780 ¹

151 2830 253 2882 iterum
273 2830 299 2882 L
314 2831 369 2885 Col.
384 2846 434 2884 om.
450 2828 521 2896 culp,
545 2832 554 2897 11
578 2834 593 2881 7
613 2832 642 2882 et
659 2828 686 2880 b.
707 2829 797 2881 cesset
815 2827 851 2880 ab
870 2841 953 2894 opere
973 2826 1020 2893 Ρ11
1039 2829 1055 2877 8
1074 2824 1175 2879 triduo

152 2900 253 2955 deinde
268 2903 294 2954 L
308 2904 317 2967 11
332 2908 363 2954 11
384 2901 459 2954 inter
472 2902 511 2955 ed.
524 2918 568 2969 pr.
585 2903 589 2968 1
606 2915 692 2967 quam
706 2899 733 2951 L
747 2897 860 2967 quaudo
875 2899 903 2952 P
917 2897 991 2965 quod
1007 2897 1046 2949 ed.
1059 2914 1103 2964 pr.
1120 2897 1149 2950 A
1164 2899 1175 2968 1

153 2979 185 3026 12
205 2972 311 3040 ceperit
330 2989 379 3026 om.
396 2972 422 3025 L
435 2975 444 3040 11
460 2977 492 3025 13
513 2973 541 3024 et
560 2971 601 3025 ita
619 2972 689 3024 nata
707 2971 747 3024 ed.
763 2988 803 3035 pr.
818 2971 846 3024 A
864 2968 1014 3038 indignata
1029 2969 1055 3021 L
1073 2972 1173 3022 tamen

150 3044 249 3096 innata
269 3045 295 3096 P
307 3046 316 3111 11
332 3051 364 3096 15
384 3043 445 3097 oleo
465 3061 491 3110 q.
510 3042 598 3096 veteri
612 3043 652 3097 cd.
664 3060 708 3110 pr.
724 3043 784 3096 ΑΡ
796 3046 805 3102 11
821 3047 852 3093 16
873 3039 1058 3107 compositum
1079 3038 1177 3093 LAP

151 3118 184 3184 (c.
200 3117 229 3168 ct
248 3118 367 3185 coctum)
386 3115 551 3184 impositum
569 3114 609 3168 cd.
621 3131 665 3181 pr.
686 3113 840 3181 compotito
862 3111 887 3165 G
910 3114 914 3179 1
935 3109 1097 3177 incoquitur
1117 3113 1144 3164 A
1163 3114 1174 3174 ;'

152 3192 184 3241 11
204 3188 234 3239 et
252 3186 291 3239 sic
307 3187 333 3239 L
348 3204 404 3255 quo
422 3186 463 3240 ed.
474 3203 519 3254 pr.
535 3184 610 3252 quod
625 3187 652 3239 A
672 3202 726 3252 quo
746 3185 786 3236 sic
804 3183 892 3237 uteris
906 3184 952 3247 Ρ1
968 3181 1040 3235 etin
1059 3181 1173 3250 piscina

150 3259 180 3310 in
206 3256 333 3325 quolibet
357 3261 466 3312 tumore
492 3273 514 3310 c.
534 3256 553 3310 l.
568 3257 608 3309 cd.
619 3274 665 3326 pr.
685 3255 714 3308 in
733 3272 767 3309 ea
789 3273 816 3323 p.
836 3254 866 3307 in
892 3253 1020 3321 qualibet
1044 3255 1173 3308 tumores

151 3345 173 3382 c.
189 3329 207 3381 l.
223 3330 251 3383 A
269 3329 298 3381 in
323 3348 349 3398 p.
369 3330 399 3381 in
418 3345 474 3397 qua
496 3328 575 3381 bibet
594 3344 616 3381 c.
637 3326 655 3381 l.
673 3329 701 3381 P
730 3330 739 3394 11
772 3331 805 3379 18
828 3328 924 3379 tamen
949 3324 1095 3392 fricaturq.
1117 3325 1144 3377 L
1163 3329 1165 3395 1

151 3405 184 3452 19
200 3398 309 3453 deteres
320 3400 457 3454 auehetur
466 3398 492 3451 L
502 3401 577 3452 tersa
586 3397 705 3453 liniatur
715 3400 743 3453 P
751 3398 917 3466 detersaque
928 3395 1046 3449 diluitur
1055 3396 1095 3450 cd.
1100 3414 1148 3465 pr.
1161 3397 1165 3468 1

151 3475 185 3522 20
204 3476 319 3539 propter
336 3473 356 3524 1.
376 3470 474 3539 iugum
489 3468 581 3523 cervix
595 3469 704 3538 respuit
718 3471 744 3524 L
763 3471 812 3538 qui
827 3468 925 3538 paucis
944 3468 970 3521 d.
982 3500 1015 3507 -
1027 3473 1059 3521 21
1076 3468 1172 3521 cervix

151 3557 200 3594 om.
216 3544 271 3609 121
292 3560 356 3595 cum
375 3556 449 3608 aqua
468 3541 507 3595 ed.
519 3556 563 3608 pr.
579 3542 676 3609 111122
696 3540 818 3594 lavanda
837 3541 877 3594 ed.
889 3558 934 3609 pr.
950 3540 1010 3594 AP
