2509 3892
160 169 199 223 vr
489 150 491 156 '
545 168 587 222 ne
605 167 784 223 editionibus.

158 355 243 414 posse
262 338 310 397 vel
327 339 427 413 potius
451 336 556 397 debere
575 336 706 396 dividere
724 339 757 396 in
775 356 833 396 sex.
879 336 924 396 De
948 356 1007 413 qua
1025 357 1057 396 re
1075 356 1174 413 pauca

157 426 250 487 liceat
271 426 332 484 iam
349 444 428 485 nunc
445 426 586 501 proferre,
608 445 646 485 ne
664 429 769 502 postea
787 426 818 484 in
836 425 1002 485 tractandis
1021 426 1173 486 codicibus

156 510 242 575 nobis
266 533 365 574 morae
388 517 437 574 sit.

225 602 419 663 Schneiderus
438 605 518 663 enim
536 596 578 685 (p.
599 595 700 684 8ssq.)
718 605 848 680 primum
867 623 955 680 quem
973 603 1087 663 codices
1111 605 1173 663 edi·

157 694 313 768 tionesque
342 692 519 752 vetustiores
548 693 685 752 ferebant
713 693 823 752 librum
854 695 887 752 iu
917 693 990 752 duos
1020 696 1173 770 separavit

158 785 317 859 propterea
339 782 417 858 quod
441 782 471 840 iu
494 782 577 841 illius
598 782 670 841 libri
692 784 826 858 capii),
847 785 863 841 1
890 784 932 842 sic
954 783 1103 858 professus
1127 786 1173 843 cst

157 871 295 946 scriptor:
333 871 525 946 Quaecunque
547 874 702 945 passiones
724 873 796 945 pius
817 873 955 931 iuuentis
976 873 1104 945 paruuli
1126 875 1172 931 in

157 962 235 1034 ferre
253 963 462 1020 ammonent
478 965 504 1020 et
521 960 740 1034 difficilioribus
758 961 1027 1034 obsonioribunquc
1042 961 1174 1035 indipont

156 1050 249 1119 nnn,
278 1050 333 1108 bas
349 1041 482 1123 prinu)
510 1050 712 1123 amplectuutur
734 1050 821 1118 libro,
847 1054 881 1108 ui
902 1054 930 1108 et
950 1051 1070 1123 facilius
1092 1068 1173 1124 repe·

156 1140 276 1197 nonius
298 1156 372 1211 puae
393 1140 427 1197 in
449 1139 576 1197 eandiis
597 1141 672 1212 ipsis
690 1143 840 1198 enarrent
861 1142 888 1198 ei
909 1139 1065 1213 montibus
1087 1142 1173 1213 fusti

156 1227 240 1285 dium
267 1229 462 1300 nonpossint
490 1228 616 1301 adferre.
660 1227 762 1286 Primo
791 1229 886 1304 igitur
914 1227 992 1287 libro
1019 1245 1082 1287 sese
1110 1246 1171 1286 am-

157 1315 250 1391 plecti
273 1315 317 1374 ait
334 1314 477 1393 Vegetius
495 1316 646 1392 passiones
664 1317 846 1392 periculosas
864 1318 1001 1392 curisque
1020 1316 1171 1390 difficiles:

156 1423 209 1463 cur
231 1405 383 1480 amplexus
411 1407 463 1481 sit,
492 1407 557 1481 ipse
586 1407 699 1481 optime
727 1406 830 1464 eadem
856 1405 992 1465 illustrat
1018 1406 1116 1465 verbis
1139 1407 1171 1464 in

155 1493 341 1569 praefatione
359 1495 453 1553 totius
477 1496 574 1570 operia
593 1496 699 1571 positis
717 1486 811 1574 his’):
833 1495 978 1570 induestu
1000 1499 1027 1554 ei
1048 1498 1172 1569 confuso

154 1587 225 1641 sunt
246 1586 346 1643 munio
369 1580 463 1659 [apud
485 1581 644 1642 Chironem
666 1578 822 1662 nimirum]
845 1587 879 1642 ut
899 1589 1017 1658 purtem
1039 1585 1172 1657 dunum

155 1673 315 1731 mentionis
337 1675 487 1746 pannonii
510 1690 621 1732 neonae
649 1675 688 1732 sii
714 1690 813 1732 urere
830 1691 888 1746 per
909 1674 1020 1741 tunna,
1048 1691 1114 1732 nen
1137 1674 1172 1733 dc

157 1761 263 1820 endon
280 1762 471 1835 passionibus
494 1762 557 1821 alio
574 1762 704 1822 remedia
725 1765 878 1836 incapite,
902 1763 964 1822 aiio
981 1763 1172 1821 minuuntur

155 1852 189 1908 in
210 1851 277 1921 fine.
323 1849 466 1929 Digerere
492 1850 587 1927 igitur
609 1851 677 1909 vult
704 1869 740 1909 ea
763 1868 839 1926 quae
864 1852 944 1928 apud
968 1854 1103 1910 auctores
1126 1851 1171 1910 in·

156 1940 279 1997 venerat
301 1939 458 2017 indigesta,
481 1942 517 1998 ut
539 1958 575 1998 ea
598 1958 675 2015 quae
697 1941 776 1998 inter
799 1958 830 1998 se
854 1940 1011 1999 cohaerent
1035 1958 1171 2016 quaeque

155 2025 193 2085 ad
222 2046 315 2086 unum
345 2028 528 2104 eundemque
558 2030 621 2088 sive
650 2028 786 2087 morbum
814 2030 965 2104 pertinent
995 2029 1056 2088 sive
1086 2047 1171 2087 cura·

154 2116 245 2175 tionis
268 2116 403 2191 modum,
433 2119 591 2177 coniuncta
618 2119 735 2193 possint
763 2118 862 2195 legere
889 2117 1099 2194 commodeque
1126 2117 1172 2176 in·

154 2204 255 2263 venire
286 2205 313 2263 ei
343 2205 451 2280 quibus
480 2206 594 2267 sanitas
627 2208 829 2265 iumentorum
861 2207 943 2265 cordi
972 2207 1021 2266 sit.
1073 2206 1172 2284 Igitur

155 2295 287 2370 primum
305 2294 421 2372 colligit
439 2295 526 2374 signa
540 2287 570 2376 (I
585 2287 685 2377 1-9)
706 2313 850 2371 curasque
865 2287 895 2376 (I
910 2286 1055 2375 10-20)
1074 2296 1172 2356 morbi

155 2383 398 2460 periculosissimi
426 2385 478 2459 qui
499 2384 664 2445 vocabatur
690 2385 817 2460 maleus3
845 2384 989 2444 accedunt
1010 2389 1172 2461 praecepta

154 2473 191 2530 de
214 2472 402 2551 generalibus
425 2474 564 2533 remediis
587 2473 625 2532 ad
648 2493 749 2535 omnes
771 2474 889 2534 morbos
912 2473 1093 2533 utilissimis:
1122 2475 1171 2534 de-

153 2563 301 2621 tractione
320 2564 475 2640 sanguinis
495 2555 524 2645 (Ι
539 2556 685 2644 21-27)
710 2567 740 2623 et
758 2563 794 2622 de
817 2566 934 2623 ustione
953 2555 983 2645 (Ι
998 2556 1063 2642 28).
1105 2563 1171 2622 Iam

153 2654 320 2724 sequuntur
342 2652 495 2726 passiones
518 2672 552 2711 ex
575 2651 708 2711 febribus
736 2654 819 2711 ortae
843 2645 873 2733 (Ι
892 2653 1032 2711 29-36.
1055 2652 1086 2710 Il
1107 2655 1171 2711 1-

155 2731 306 2819 88chn.).
348 2737 426 2808 Quid
455 2739 669 2799 Schneiderus?
714 2740 849 2800 Indicare
874 2740 1034 2819 Vegetium
1061 2759 1125 2800 sese
1153 2761 1172 2800 a

154 2826 265 2886 morbis
295 2826 512 2886 difficilioribus
542 2830 671 2887 mansino
700 2829 737 2886 ad
764 2831 861 2888 minus
885 2848 1002 2908 graves
1034 2834 1172 2907 oportere

154 2917 251 2992 igitur
274 2915 311 2974 ab
334 2917 390 2975 hoc
413 2918 510 2992 capite
533 2934 643 2975 novum
668 2916 791 2992 librum,
819 2917 992 2994 secundum,
1017 2919 1171 2997 distingui,

155 3003 235 3080 quod
258 3003 402 3082 Vegetius
430 3004 496 3065 istis
524 3005 622 3065 verbis
654 3007 739 3082 quasi
767 3007 857 3083 primi
886 3008 956 3067 libri
986 3026 1172 3068 consumma·

153 3093 267 3152 tionem
284 3093 403 3170 reddat3
421 3094 486 3154 istis
504 3094 584 3153 enim
601 3096 675 3171 ipsis
694 3095 793 3155 verbis
811 3114 886 3171 qnos
900 3100 934 3157 in
952 3098 1078 3157 comdiis
1095 3100 1172 3170 ipsis

153 3187 304 3242 conmuni
316 3183 447 3242 indicare
457 3185 632 3260 scriptorem
645 3185 767 3243 initium
780 3187 851 3245 novi
859 3186 943 3245 libril
975 3186 1011 3244 In
1022 3205 1081 3262 quo
1095 3186 1171 3246 mire

245 3407 270 3475 1)
295 3406 355 3460 Uno
374 3405 460 3460 codex
478 3406 507 3459 P.
609 3410 636 3478 2)
655 3413 701 3473 §4
721 3407 755 3462 cf,
772 3407 857 3462 etiam
871 3407 897 3460 11
912 3413 984 3474 sas
1004 3410 1119 3464 utorio
1138 3412 1171 3464 in

153 3476 279 3531 medendi
292 3477 469 3546 dispositione
481 3485 601 3534 servetur
614 3496 649 3534 ne
663 3480 799 3550 indipesta
814 3521 820 3533 .
837 3520 843 3533 .
859 3520 866 3533 .
876 3481 985 3550 popina
999 3488 1172 3549 quonentem

157 3547 309 3614 confundet
326 3556 377 3605 ant
395 3549 490 3604 tardet.
