2509 3892
472 147 612 203 MVLOM.
632 148 646 200 Ι
663 155 698 202 44
1053 150 1092 213 71

87 336 115 376 se
135 319 283 392 proiciunt
306 321 337 376 et
367 320 457 393 caput
484 318 542 377 sibi
570 320 650 375 intre
677 316 767 392 pedes
789 319 914 377 mittunt
943 321 974 377 et
996 321 1093 378 osten·

87 407 156 464 dunt
177 407 286 467 doloris
315 407 362 465 sui
384 408 495 482 locum,
523 406 661 466 dentibus
682 407 738 465 ilia
764 406 822 467 sibi
850 409 935 483 quasi
957 409 1096 484 scalpunt

87 498 115 553 et
142 496 252 555 rodunt
288 515 348 555 non
379 514 532 576 nunquam
562 496 679 555 lumbos
712 499 743 555 et
774 494 899 554 caudam
930 497 1095 572 parietibus

87 586 197 643 fricant.
244 584 319 643 Cum
350 585 410 643 ista
439 586 531 661 signa,
559 584 713 643 ostendere
748 588 900 660 coeperint
934 588 964 645 et
993 586 1094 645 crebro

63 673 217 750 talemaro,
239 675 296 732 hoc
319 677 363 732 est
385 675 575 733 vehementer
596 674 728 749 hinnire,
751 674 826 733 scias
850 692 899 733 eos
921 674 983 732 iam
1004 675 1095 734 morti

86 779 142 821 esse
170 765 293 823 vicinos.
340 761 453 831 Quibus
476 762 634 821 adhibetur
659 764 720 821 ista
749 764 878 821 curatio:
908 763 966 822 olei
988 764 1127 825 vinidisd

86 852 173 910 amari
203 855 275 911 sext.
304 851 344 926 Π,
373 852 550 911 fasciculum
581 851 726 910 absinthii
761 851 879 911 Pontici
917 870 1094 927 concoques;

85 943 233 1014 praeterea
262 940 406 1000 nasturtii
435 941 568 1008 seminis,
598 941 759 1015 santonici,
788 940 937 1001 coriandri
966 940 1096 1016 seminis,

85 1029 212 1088 radicum
229 1031 360 1104 seminis,
383 1029 527 1105 sinopidis
547 1029 689 1090 Ponticae
712 1049 778 1088 uuc.
797 1030 813 1088 Ι
835 1031 939 1089 misces
963 1032 993 1088 et
1014 1031 1095 1088 faeni

56 1134 75 1172 u
86 1114 184 1177 Graeci
207 1119 361 1177 selibram:
383 1120 457 1177 haec
474 1120 574 1178 infusa
592 1121 622 1176 et
643 1119 766 1178 decocta
787 1119 819 1177 in
840 1121 905 1178 oleo
928 1119 981 1177 illo
1004 1119 1095 1177 facies

85 1224 263 1282 permanere,
290 1228 324 1266 er
348 1227 407 1283 quo
430 1208 581 1267 heminam
608 1208 667 1266 olei
690 1210 720 1266 et
743 1227 839 1283 aquae
860 1208 980 1284 tepidae
1003 1208 1095 1267 hemi·

85 1313 148 1354 uam
170 1296 326 1355 dimidiam
348 1316 402 1372 per
431 1315 523 1355 cornu
546 1296 643 1372 dabis,
675 1298 748 1372 quia
774 1298 870 1357 virtus
899 1297 1094 1356 medicamen-

86 1386 176 1443 torum
200 1389 232 1444 et
254 1386 362 1446 lenitas
386 1386 445 1444 olei
467 1386 610 1444 animalia
637 1387 702 1461 ipsa
724 1386 806 1446 intus
830 1387 938 1446 occidit
961 1390 991 1446 et
1013 1387 1093 1446 foras

86 1473 155 1531 eicit.
200 1475 246 1533 Ex
271 1494 330 1550 qua
357 1478 479 1550 potione
506 1475 608 1552 siper
635 1475 745 1534 multos
773 1475 836 1535 dies
859 1478 1005 1551 acceperit
1027 1482 1129 1551 per-4

58 1563 172 1622 remixto
194 1566 276 1622 nitro
294 1566 382 1623 tunso
402 1566 432 1623 et
450 1568 592 1640 castoreo,
616 1582 717 1623 omnes
736 1564 895 1624 lumbricos
914 1569 945 1623 et
966 1565 1093 1624 tineolas

88 1653 114 1708 et
133 1671 246 1712 vermes
270 1653 400 1712 excludit
423 1673 442 1712 a
465 1672 586 1729 corpore
610 1657 641 1711 et
664 1672 731 1712 cum
753 1655 881 1713 stercore
905 1656 974 1712 eicit
997 1656 1027 1712 et
1049 1673 1094 1712 re-

86 1741 177 1801 stituit
208 1745 377 1802 sanitatem.
422 1743 494 1801 Alia
524 1743 608 1817 potio
641 1742 679 1802 ad
713 1742 873 1801 lumbricos
904 1743 1032 1802 tineolas
1065 1745 1128 1805 etb

86 1844 188 1891 cosses:
211 1833 369 1905 santonici,
392 1831 537 1891 absinthii
561 1831 688 1899 Pontici,
711 1832 854 1907 pollinem
880 1832 977 1907 lupini
1002 1831 1094 1906 crudi,

87 1922 196 1981 sommis
223 1921 379 1996 nasturtii,
408 1920 521 1981 scobis'
535 1938 626 1979 cornu
656 1922 781 1996 cervini,
810 1921 931 1981 seminis
960 1921 1095 1980 radicum

57 2022 144 2066 nunc.
166 2010 227 2085 III,
263 2009 409 2085 sinopidis
441 2010 582 2069 Ponticae
614 2010 752 2085 pastillos
783 2010 843 2085 HI,
879 2011 999 2088 pollinis
1032 2012 1095 2071 ervi

88 2113 144 2154 unc.
162 2098 217 2173 HL
240 2099 305 2157 vini
333 2101 446 2158 austeri
473 2101 546 2158 sext.
564 2098 619 2174 lH,
643 2099 703 2158 olei
729 2099 859 2176 Hispani
887 2099 1001 2174 sextl,
1024 2118 1095 2175 opo-

152 2276 183 2323 10
202 2270 277 2325 Chir.
293 2286 316 2323 c.
332 2274 391 2322 227.

151 2419 163 2465 1
178 2413 250 2483 inp.
266 2414 294 2467 A
310 2414 315 2481 Ι
332 2414 361 2465 et
375 2427 399 2466 o.
416 2410 541 2466 dolorem
555 2429 618 2467 cum
633 2412 658 2465 d.
669 2414 698 2467 P
709 2414 718 2480 11
732 2418 747 2465 2
762 2411 962 2480 insculpuntP
972 2414 1012 2482 113
1032 2414 1061 2466 et
1072 2430 1093 2466 r.

89 2494 132 2534 orn.
146 2485 189 2554 Ρ1
205 2483 312 2539 caudas
326 2484 408 2544 Fue
426 2482 531 2537 fricant
544 2483 639 2538 AFP
650 2483 736 2537 confr.
751 2484 790 2537 ed.
802 2500 846 2552 pr.
868 2484 872 2552 1
893 2483 963 2537 haec
978 2500 998 2537 s.
1014 2483 1075 2538 FP
1088 2484 1092 2555 1

90 2551 173 2608 crebre
187 2558 214 2610 A
230 2554 327 2609 crebro
341 2552 463 2607 clamore
479 2556 507 2608 P
517 2558 527 2624 11
541 2560 556 2607 5
571 2553 732 2621 frequenter
748 2554 774 2609 G
786 2554 965 2609 vehementer
981 2553 1020 2610 G¹
1033 2572 1095 2609 suun

89 2623 158 2690 111
178 2630 206 2682 et
225 2643 250 2681 a.
266 2628 306 2681 ed.
317 2643 362 2694 pr.
386 2628 391 2694 1
412 2641 436 2679 a.
451 2624 481 2678 P.
497 2625 563 2679 fasc.
579 2625 651 2679 haec
669 2625 752 2682 simul
771 2641 874 2694 coques
892 2628 921 2681 P
934 2629 938 2698 1
955 2626 1094 2695 decoquas

90 2695 143 2749 AF
153 2699 191 2765 118
210 2713 306 2752 semen
319 2699 348 2752 P
358 2698 368 2765 11
382 2701 470 2750 8-10
489 2698 666 2751 santonicum
680 2697 806 2751 coriandi
826 2714 919 2752 semen
938 2698 1095 2769 sinopidem

91 2761 227 2823 Ponticum
249 2768 348 2838 aequis
371 2767 543 2837 ponderibus
566 2786 629 2822 unc.
644 2768 657 2821 Ι
674 2769 757 2823 mixti
776 2774 805 2824 et
827 2769 991 2840 fenugraeci
1014 2769 1093 2825 selib.

90 2834 136 2917 Ρ1
154 2845 169 2892 9
188 2840 353 2910 enopitiden
371 2857 466 2911 marpo
485 2839 521 2893 al.
537 2840 686 2909 sinopiden
704 2842 732 2895 A
756 2843 761 2909 1
786 2842 930 2909 ponticum
949 2857 993 2895 an.
1008 2843 1072 2896 AF
1089 2842 1093 2914 1

92 2910 170 2964 mutis
187 2914 228 2967 ed.
239 2931 284 2982 pr.
299 2912 363 2966 AF
377 2911 463 2965 murti
483 2911 563 2966 Geso.
582 2914 591 2980 11
612 2918 645 2965 10
664 2911 753 2965 facias
772 2913 800 2966 P
820 2915 830 2982 11
854 2919 885 2965 11
905 2928 940 2966 ex
958 2930 1013 2980 quo
1032 2913 1094 2967 oleo

92 2974 112 3028 h.
126 2982 167 3052 Ρ1
182 2984 273 3038 emine
293 3001 314 3038 s.
329 2983 393 3037 AF
409 2984 442 3052 (e.
458 2982 616 3053 dimidium)
637 2982 786 3051 eminamq.
801 2983 828 3036 d.
843 2985 871 3038 P
893 2986 902 3053 11
926 2990 959 3037 12
979 2999 1051 3053 quae
1069 3002 1093 3038 v.

92 3050 173 3121 edpr,
190 3056 335 3124 0111113
354 3054 454 3108 levitas
473 3056 504 3110 F
521 3058 531 3124 11
552 3059 585 3107 15
604 3056 685 3108 tonso
705 3057 732 3109 A
748 3058 752 3124 1
768 3054 917 3109 lombricos
936 3057 1032 3124 Ρ1116
1050 3054 1094 3109 rel

93 3133 172 3178 cassos
186 3130 247 3181 etv.
259 3128 287 3181 P
301 3128 305 3195 1
321 3124 484 3180 excluditP
496 3125 574 3179 discl.
590 3126 630 3180 ed.
637 3143 682 3195 pr.
698 3125 814 3180 deducit
823 3128 851 3181 A
865 3126 982 3180 discutit
997 3127 1071 3182 cuir.
1085 3125 1095 3198 11

95 3196 119 3242 ll
134 3197 175 3250 vel
188 3215 210 3251 c.
221 3199 282 3253 FP
293 3199 302 3267 11
318 3202 350 3250 18
365 3196 503 3250 santonici
518 3197 557 3251 ed.
565 3215 610 3266 pr.
621 3198 799 3252 santonicum
813 3199 841 3251 P
854 3200 858 3267 1
875 3196 1049 3250 absinthium
1063 3196 1092 3250 P.

94 3262 221 3327 pulverem
239 3270 267 3323 A
286 3268 460 3322 absinthium
478 3267 508 3321 P.
527 3267 663 3337 pollinem
681 3269 745 3323 FP
763 3270 772 3338 11
792 3273 824 3321 19
839 3284 939 3351 ⁸semen
958 3270 1003 3336 Ρ1
1020 3285 1093 3323 scro-

94 3381 147 3442 bem
163 3395 207 3463 ΡΙ
224 3394 326 3447 scoben
343 3394 370 3447 A
386 3395 391 3462 1
407 3392 548 3446 cervinum
565 3392 593 3445 A
616 3394 620 3460 1
644 3408 739 3446 semen
756 3356 883 3457 radigrlism
902 3393 930 3446 A
949 3408 970 3443 s.
988 3391 1093 3443 radicis

96 3455 135 3600 11
146 3464 365 3591 1111111111)
379 3468 383 3534 1
398 3463 484 3532 pollis
498 3462 579 3516 herbi
590 3464 617 3516 A
630 3462 752 3531 poenos
767 3460 846 3515 orosi
856 3463 884 3515 P
894 3464 904 3530 1
918 3467 950 3514 21
963 3462 1030 3513 sexi.
1040 3459 1093 3510 1111
