2509 3892
168 138 271 193 XXXII
559 137 602 191 De
621 137 790 192 auctoribus.

166 309 274 385 genius
288 305 405 366 dicendi
419 307 564 366 facultate
577 304 751 365 abundabat
764 305 801 365 ob
815 324 939 382 eamque
957 324 1080 365 eausam
1098 306 1200 365 vehe-

166 398 281 455 menter
299 395 436 472 placebat
453 394 589 474 Vegetio,
607 395 634 454 is
652 413 713 456 non
730 395 825 455 multa
845 394 991 469 mutabat,
1014 394 1067 454 sed
1086 397 1199 455 totum

168 487 258 560 atque
280 485 430 564 integrum
452 486 537 560 operi
561 501 616 544 auc
644 483 806 558 inserebat,
836 483 898 543 scil.
919 503 1007 559 quem
1029 485 1063 543 in
1085 485 1199 543 locum

167 592 303 650 quaeque
327 573 474 650 quadrare
491 572 672 633 videbantur
693 573 795 631 omnIa
816 573 849 630 in
872 572 1007 632 ordinem
1027 572 1197 650 digerenti

167 663 226 722 Eos
243 666 363 721 tantum
376 681 513 739 promam
527 663 607 722 locos
622 660 730 738 quibus
743 663 807 739 ipse
821 660 965 739 Vegetius
979 662 1082 738 alique
1097 663 1197 722 modo

166 768 279 811 novum
295 751 428 811 indicare
446 751 565 811 videtin
584 754 743 810 auctorem.
786 751 815 823 2,
834 751 887 823 47,
906 749 1147 827 decateron&
1171 755 1196 810 4

167 842 221 901 alce
242 842 379 901 munuli
401 858 477 916 quae
503 843 574 900 sunt
595 840 741 918 Pelagoni
763 858 787 898 c.
808 839 970 900 228-30.
991 841 1063 898 232.
1106 840 1196 900 Nam

167 949 243 1007 quae
269 930 448 989 antecedunt
470 928 534 1005 §L
554 931 573 988 2
594 930 664 988 sunt
687 927 825 987 OhIronis
843 947 867 987 c.
885 930 936 988 50.
955 929 1009 987 48.
1022 960 1067 969 -
1083 931 1114 1003 2,
1136 932 1197 1005 79,

169 1021 220 1079 20.
241 1012 315 1097 211)
334 1020 462 1094 sumpsit
479 1017 571 1078 uerba
589 1037 625 1077 ex
643 1016 815 1095 Pelagonia,
832 1018 858 1076 is
877 1018 970 1077 vertit
988 1036 1024 1076 ex
1041 1017 1196 1095 Apsyrta,

165 1107 424 1185 Hippiatricorum
446 1107 589 1184 scriptore
607 1098 903 1188 praestantissImo.²)
948 1105 1014 1165 Iam
1036 1107 1118 1183 quod
1142 1126 1196 1168 se-

166 1197 269 1274 quitur
282 1196 366 1272 apud
376 1196 571 1276 Pelagoniam
587 1196 650 1255 153
665 1195 829 1254 remedium
838 1196 879 1254 ad
892 1211 938 1255 cos
947 1198 1198 1270 quincumciant

166 1286 294 1345 Emeriti
307 1285 496 1345 mulomedici
509 1284 655 1363 Vegetius
669 1276 704 1366 (ξ
720 1276 777 1366 21)
795 1285 839 1344 sic
857 1285 956 1344 affert:
976 1285 1124 1358 aliquanti
1135 1304 1195 1347 ros

165 1374 502 1449 marmwmdecoqcsmt.
513 1366 548 1455 fl)
563 1377 597 1433 ut
611 1374 688 1433 solet
700 1392 809 1433 nomen
822 1374 1017 1450 supprimens.
1031 1404 1076 1415 -—
1092 1376 1122 1450 2,
1133 1376 1194 1450 88,

168 1466 210 1522 14
219 1463 332 1542 legitur
345 1464 399 1523 ates
412 1468 558 1524 amores:
571 1461 590 1538 ξ
603 1463 710 1521 1-13
722 1481 757 1520 ex
767 1460 894 1522 Chirone
903 1464 982 1537 sunt,
998 1463 1038 1522 16
1054 1466 1085 1522 et
1097 1465 1138 1521 17
1152 1484 1194 1524 ex

165 1552 329 1630 Pelagonia
344 1544 433 1633 (294,
444 1554 517 1628 299,
528 1544 620 1631 297)
638 1554 740 1610 tamen
752 1550 896 1628 Vegeh'us
905 1552 1040 1626 plerique
1052 1557 1195 1614 auare

166 1646 335 1701 assecmum
359 1643 532 1718 tanquamsi
560 1660 593 1699 re
619 1660 692 1700 vera
721 1657 819 1700 murres
848 1640 1009 1700 evolvisset
1038 1643 1193 1703 auctores.

166 1730 271 1807 Neque
288 1729 369 1806 quod
387 1728 407 1806 ξ
424 1732 464 1789 14
483 1729 594 1808 legitur
612 1731 668 1789 etit
685 1734 816 1789 auctores
833 1728 933 1806 ipsum
950 1749 1005 1806 per
1023 1748 1054 1789 se
1068 1730 1194 1792 indicat

166 1838 277 1879 novum
296 1821 447 1879 auctorem
464 1819 533 1879 hiae
548 1836 610 1878 esse
626 1817 803 1892 adhibitum,
821 1820 922 1894 potuit
936 1819 1028 1878 etiam
1046 1838 1082 1877 ex
1099 1820 1192 1881 fonte

167 1908 300 1987 generali
323 1926 385 1969 esse
402 1910 561 1982 retentum,
583 1909 618 1966 ut
636 1908 727 1984 paulo
746 1925 837 1984 supra
857 1904 877 1983 ἓ
897 1909 916 1966 8
940 1908 1086 1981 diquaett
1103 1909 1195 1971 dice

165 2002 236 2057 ment
254 2017 289 2056 ex
308 1996 434 2057 Chirone
455 1999 528 2072 320,
549 1997 604 2056 aes
621 1997 743 2071 quddam
761 1988 926 2077 (Hippiatr.
950 1999 1013 2056 120
1031 1992 1109 2068 τινὲς
1128 1992 1192 2080 δὲ).

165 2087 209 2145 At
231 2084 250 2162 ξ
271 2089 312 2145 14
333 2085 413 2164 apud
436 2084 595 2145 Chironem
616 2104 678 2145 non
699 2086 864 2144 invenitur:
891 2105 962 2145 nam
983 2085 1009 2145 is
1033 2104 1193 2162 quaecun-

167 2195 223 2252 que
240 2176 332 2235 habet
350 2175 477 2235 decusis
498 2175 672 2244 eumalium
685 2174 903 2250 roborosorum
917 2193 952 2234 ea
972 2174 1063 2233 hahet
1079 2180 1193 2237 noster

166 2263 323 2340 §1—13.
364 2265 430 2324 Iam
459 2264 631 2324 evolvamus
660 2263 869 2341 Pelagoniam:
896 2283 956 2323 non
983 2263 1073 2322 habet
1101 2265 1192 2326 inter

166 2372 253 2414 curas
275 2355 363 2414 huius
385 2354 494 2413 morhil
536 2352 594 2412 Sed
615 2353 696 2411 recte
720 2351 834 2412 Ihmius
857 2372 885 2429 p.
907 2353 969 2411 178
993 2354 1110 2412 monuit
1134 2374 1192 2414 co·

166 2443 295 2504 haesisse
314 2444 460 2511 olimphoc
478 2446 569 2519 ceput
585 2441 688 2500 XXIII
704 2432 915 2522 (medicamina
933 2441 972 2500 ad
989 2434 1093 2524 robur)
1114 2460 1191 2504 cum

167 2551 229 2609 cap.
249 2532 336 2592 XVH
359 2527 413 2613 (ad
435 2522 671 2610 opisthotonos)3
693 2548 772 2589 nunc
796 2533 981 2608 seponuntur
1003 2530 1188 2594 intermissis

165 2640 228 2698 cap.
243 2621 477 2680 XVHI-XXII
495 2620 601 2697 quibus
620 2619 759 2686 materies
776 2619 866 2698 longe
884 2619 1002 2679 diversa
1019 2622 1188 2682 tractatur:

166 2709 203 2768 de
221 2710 420 2786 opisthotonis
440 2712 505 2786 agit
522 2708 595 2786 Veg.
612 2710 641 2782 2,
657 2712 733 2767 111:
751 2710 885 2768 inuenies
903 2711 1001 2768 toturn
1018 2712 1187 2786 sumpsisse

166 2818 202 2858 ex
223 2791 430 2879 Pelagoni0⁴)‚
451 2800 489 2857 ut
511 2797 587 2857 solet
608 2797 716 2856 melius
739 2797 923 2857 ordinatum:
946 2795 966 2872 ξ
987 2800 1003 2855 1
1029 2798 1115 2876 signa
1138 2825 1186 2850 =

239 3024 265 3092 1)
283 3020 457 3076 Testimonia
480 3020 624 3075 commode
646 3019 735 3073 habes
758 3021 834 3089 apud
858 3019 981 3076 Oderum
998 3040 1026 3090 p.
1042 3025 1102 3087 150,
1118 3027 1181 3078 151.

238 3096 265 3163 2)
283 3092 326 3148 De
345 3109 399 3160 quo
418 3109 442 3146 v.
461 3090 536 3158 Ihm,
559 3089 655 3162 Peleg.
670 3110 697 3161 p.
713 3097 737 3145 6.
758 3123 789 3130 -
809 3091 870 3145 Ηοο
894 3108 950 3145 uno
976 3091 1102 3162 exemplo
1128 3111 1187 3163 pro

166 3164 262 3220 multis
277 3164 302 3219 si
316 3178 461 3233 comparas
475 3161 630 3216 versionem
643 3163 732 3217 latine
741 3161 847 3216 factam
862 3177 879 3215 a
893 3161 1012 3219 Chirone
1026 3166 1055 3218 et
1070 3163 1182 3220 aPela·

166 3237 250 3307 gonio
277 3250 443 3307 cognoscere
466 3232 556 3303 possis
583 3250 668 3302 quam
690 3235 766 3288 recte
791 3233 959 3289 indicaverit
982 3233 1117 3305 Vegetius
1145 3238 1180 3291 de

166 3308 312 3377 utriusque
331 3305 413 3376 copta
431 3304 552 3359 dicendi.

238 3382 265 3449 3)
284 3377 365 3444 Quod
387 3378 514 3446 sequitur
532 3378 584 3432 alii
606 3378 711 3432 amices
725 3417 731 3430 .
747 3375 872 3432 .1ectius
895 3376 926 3431 in
944 3377 965 3430 L
983 3376 1042 3448 legi
1060 3378 1179 3434 cimicem

166 3452 249 3509 diam
266 3449 436 3521 Pelagoniae
455 3448 607 3504 confirmat.

237 3525 265 3593 4)
283 3521 357 3576 Nam
380 3537 452 3589 quae
471 3519 573 3575 Chiron
591 3525 651 3575 462.
667 3523 719 3573 463
741 3518 828 3574 habet
847 3519 953 3575 dehac
975 3536 1005 3574 re
1024 3520 1095 3621 adeo
1114 3525 1179 3578 sunt
