2509 3892
167 113 233 184 114
608 110 744 164 vncnur

170 279 324 355 compellit
346 281 400 342 aut
420 279 537 338 laesum
566 278 687 337 oculum
707 278 854 337 vdominus
882 297 985 337 omaro
1012 279 1180 356 neglexerit

135 370 154 426 5
171 367 258 437 Quod
276 386 343 426 cum
362 366 480 441 accidit,
499 368 603 426 oculus
616 367 737 426 videtur
749 367 917 442 incolumis,
935 367 1027 426 nullis
1044 366 1181 439 lacrimis

169 457 252 515 nullo
272 456 425 533 sanguine,
443 456 529 515 nulla
545 455 753 533 indignatione
771 455 872 531 prodit
885 455 1035 530 iniurium,
1055 455 1109 515 aed
1126 473 1181 513 uno

168 548 288 605 tantum
302 545 471 604 declaratur
484 544 604 617 indicio,
623 543 704 619 quod
721 545 753 602 in
771 545 890 620 pupilla
907 545 1002 620 ipsius
1022 544 1180 623 imaginem

134 635 152 692 6
168 637 253 692 tuam
270 637 416 709 tanquam
435 634 467 690 in
490 632 610 708 speculo
634 632 735 693 videre
753 653 813 692 non
830 637 933 710 potes¹
969 632 1179 709 Hypocoriasis
1202 652 1211 689 s

168 725 269 782 autem
293 743 310 780 a
338 722 445 797 capitis
475 722 598 780 humore
628 715 780 781 descendit
810 725 840 780 et
867 721 899 780 in
921 741 981 780 uno
1011 723 1099 781 oculo
1123 740 1180 781 sese

167 811 265 887 primo
288 810 427 885 ostendit,
451 814 556 885 postea
580 810 733 869 etiamad
757 811 885 870 ultorum
907 811 1024 869 transit.
1070 810 1180 869 Intelli-

168 902 251 978 gitur
272 902 374 958 autem
396 899 518 957 humore
542 900 590 957 vel
608 898 748 958 lacrimis.
791 897 938 958 Continuo
961 899 1140 977 sanguinem
1155 898 1179 956 ei

169 989 204 1047 de
228 988 385 1064 supercilio
404 987 452 1046 vel
471 987 507 1045 dc
525 988 592 1062 ipsa
609 991 696 1063 parte
713 990 883 1064 temporum
901 987 1048 1062 detrahere,
1071 989 1179 1047 fomen-

167 1077 246 1136 tabis
276 1096 312 1134 ex
340 1076 443 1151 tepida
473 1094 564 1151 aqua,
598 1077 631 1133 in
662 1095 721 1151 qua
749 1076 864 1135 radices
893 1077 1017 1134 feniculi
1047 1076 1211 1136 decootccro

166 1166 280 1223 fuerint
302 1184 370 1223 cum
387 1168 466 1223 ruta.
507 1164 668 1223 Praeterea
685 1165 811 1242 inunges
835 1165 959 1240 collyrio
978 1168 1179 1247 opopanacato

168 1256 198 1311 et
222 1252 456 1329 opobalsamoto.
493 1252 605 1321 Quodsi
633 1244 779 1312 institeris
809 1252 987 1327 medicinae,
1015 1273 1072 1329 per
1097 1254 1179 1313 lacri-

167 1361 285 1400 marum
308 1360 426 1400 cnrsum
454 1341 609 1401 consuevit
637 1344 754 1419 saepius
779 1343 876 1419 caligo
907 1344 1015 1401 sanari.
1059 1343 1178 1417 Tempe

167 1431 246 1489 rales
270 1449 388 1505 quoque
419 1449 512 1489 venae
541 1430 682 1490 cauteriis
705 1433 879 1504 inuruntur,
910 1433 946 1488 ut
972 1434 1108 1490 meatum
1130 1431 1179 1489 hu·

167 1519 258 1578 moris
282 1518 449 1577 excludant.
1190 1534 1209 1575 ro

419 1725 535 1792 XVII.
559 1726 609 1791 Dc
627 1708 823 1809 poroccotcst
845 1728 933 1792 ocuti.

72 1866 221 1907 11117801111·
266 1853 377 1924 Quodsi
404 1858 450 1915 vis
472 1857 620 1932 passionis
642 1857 781 1915 intulerit
801 1856 1002 1932 hypochysin,
1025 1857 1179 1935 diligenter

168 1944 289 2003 attende
313 1963 371 2019 quo
394 1945 491 2004 colore
515 1944 555 2004 sit
577 1945 763 2017 membrana,
787 1963 863 2020 quoe
887 1945 1026 2021 opposita
1048 1946 1178 2021 pupillae

167 2032 294 2107 impedit
316 2034 426 2091 visum:
450 2032 476 2091 si
498 2051 605 2093 auroso
629 2035 727 2092 colore
749 2034 851 2108 fuerit,
872 2033 1071 2093 insanabilem
1093 2034 1177 2107 scias3

168 2121 194 2180 si
218 2120 344 2180 candida
366 2120 501 2196 nimium,
525 2121 619 2182 otiam
636 2122 754 2181 noveris
772 2142 833 2182 non
850 2140 936 2197 posse
955 2125 1055 2181 curari
1076 2123 1176 2199 ipsam
1188 2143 1208 2183 ro

168 2209 294 2268 sivero
318 2210 414 2285 spissa
437 2210 541 2283 fuerit,
566 2211 663 2269 colore
687 2211 854 2288 oleagineo‚
880 2230 968 2270 muco
992 2211 1106 2286 similis,
1127 2229 1177 2286 per

167 2300 374 2373 paracentesin
398 2299 437 2357 ad
459 2299 612 2357 hominum
635 2299 861 2358 similitudinem
884 2318 952 2358 cnm
969 2300 1063 2360 fuerit
1084 2303 1176 2359 met·

239 2508 255 2556 s
275 2501 348 2556 chir.
364 2520 386 2557 c.
404 2507 444 2556 το.
520 2508 552 2555 13
572 2496 645 2556 chin.
662 2519 684 2557 o.
701 2509 742 2556 11.
816 2508 849 2557 17
869 2502 942 2557 chin.
958 2521 980 2558 o.
998 2510 1040 2559 ra.

240 2695 350 2752 dvisus
368 2698 480 2750 tantum
498 2699 538 2763 ert.
552 2715 594 2766 pr.
613 2715 671 2752 nno
688 2701 709 2752 t.
729 2700 757 2752 P
772 2714 828 2751 uno
843 2699 940 2752 tamen
954 2700 982 2753 A
1014 2702 1023 2769 ΙΙ
1055 2695 1175 2769 4pupil-

167 2766 246 2819 lam.
263 2767 451 2836 ..speculum
470 2769 580 2837 APt'c
599 2771 678 2822 tuam
698 2786 748 2823 om.
764 2771 792 2823 A
807 2772 811 2838 Ι
826 2769 981 2839 ypocorieio
1000 2773 1048 2839 ΡΙ
1072 2776 1087 2824 6
1105 2771 1134 2823 in
1148 2786 1174 2823 u.

168 2853 192 2890 o.
212 2836 357 2905 speculum
376 2854 400 2891 o.
420 2839 448 2892 P
467 2841 477 2909 ΙΙ
501 2840 657 2907 tprimum
675 2842 703 2894 A
737 2842 741 2908 t
774 2843 838 2909 post
856 2842 917 2895 AP
948 2844 952 2910 Ι
986 2842 1017 2895 in
1057 2840 1175 2912 ligantur

167 2908 207 2963 cd.
218 2925 262 2977 pr.
278 2910 317 2976 119
336 2908 461 2965 donabis
475 2911 503 2963 A
519 2913 523 2978 Ι
539 2909 736 2979 fomentebieq.
756 2926 790 2968 ex
804 2927 879 2980 aqua
892 2910 1065 2967 decoctionis
1078 2910 1173 2965 radicis

167 2978 186 3032 f.
207 2981 236 3034 et
254 2980 334 3033 rutae
353 2981 381 3034 P
409 2982 419 3048 ιΙ
452 2987 484 3034 11
505 2984 664 3050 opopanatc
690 2983 729 3036 ed.
746 2999 790 3050 pr.
811 2989 974 3051 opopanace
996 3001 1060 3039 secr.
1079 2986 1108 3038 to
1124 2983 1149 3037 A
1164 2979 1175 3051 ΙΙ

168 3055 201 3103 12
220 3050 363 3104 intesteris
381 3051 409 3104 A
422 3052 432 3120 i
447 3056 480 3103 14
499 3053 528 3105 et
543 3094 548 3105 .
564 3094 571 3110 ,
586 3095 592 3106 .
608 3052 761 3106 excludunt
778 3053 818 3108 act.
829 3071 875 3123 pr.
889 3054 917 3107 A

175 3143 176 3146 ¹
241 3125 274 3176 16
293 3121 323 3173 in
342 3121 431 3175 oculis
453 3122 494 3178 cd.
509 3140 554 3191 pr.
574 3124 761 3191 paroenteairn
779 3140 802 3177 o.
823 3126 851 3179 A
880 3127 900 3248 ir
924 3130 956 3179 lt
977 3125 1132 3181 cicatricem
1146 3124 1172 3177 A

167 3192 207 3245 eet.
227 3208 282 3263 pr„
297 3194 402 3263 (morpo
426 3192 613 3262 hypochysin)
641 3195 808 3250 caecitatem
831 3197 859 3249 P
900 3196 1052 3265 ypochima
1077 3197 1142 3252 coo.
1163 3193 1173 3264 t!

170 3266 202 3314 18
218 3278 240 3318 c.
252 3261 296 3316 sui
309 3280 345 3315 m.
356 3263 384 3316 A
400 3265 404 3330 1
421 3263 552 3331 apposita
566 3265 605 3318 ed.
612 3281 657 3333 pr.
668 3266 696 3318 A
709 3267 718 3333 Η
733 3270 766 3318 19
779 3264 873 3335 op'erit
881 3284 905 3320 v.
916 3269 944 3321 P
958 3270 962 3334 Ι
978 3268 1073 3322 aurosi
1082 3264 1172 3322 coloris

168 3332 217 3400 ΡΙΙ
231 3337 264 3388 20
283 3332 404 3390 candido
419 3334 447 3386 A
462 3335 466 3399 Ι
482 3333 566 3385 nimis
580 3334 715 3403 etipsem
728 3353 755 3388 n.
770 3338 815 3404 ΡΑ
831 3338 1006 3393 noverioom.
1021 3341 1049 3394 A
1064 3341 1069 3408 1
1085 3350 1172 3392 curare

167 3401 209 3460 ed.
220 3417 264 3469 pr.
280 3402 308 3455 A
330 3404 339 3471 ΙΙ
362 3407 395 3455 21
415 3402 561 3472 oleaginoo
579 3405 607 3458 P
623 3421 672 3458 -no
689 3407 761 3477 outy.
788 3410 792 3476 Ι
816 3409 908 3462 mutto
927 3410 997 3464 PM
1015 3412 1025 3478 ss
1048 3415 1080 3464 22
1098 3421 1172 3478 pora·

169 3471 324 3525 centensim
342 3473 370 3526 A
387 3473 539 3542 yponteein
557 3475 585 3528 P
972 3496 974 3500 ·
