2509 3892
349 173 351 175 ’
412 159 554 214 MVLOM.
572 160 612 212 111
631 165 734 214 15-17
1018 159 1084 224 265

73 332 121 390 lib.
139 350 170 405 a,
197 331 325 390 bidellae
352 329 404 388 lib.
423 328 447 401 Ι,
470 330 595 387 storacis
623 328 674 387 lib.
698 328 723 403 Ι,
745 328 857 404 piperis
886 328 949 387 albi
976 348 1042 388 unc.
1060 327 1085 403 Ι,

71 420 180 497 piperis
198 422 280 499 longi
298 438 364 478 unc.
378 419 403 493 Ι,
421 419 563 477 bacarum
581 419 661 478 lauri
677 417 729 476 lib.
744 419 769 493 Ι,
787 437 871 476 cerae
889 418 976 477 rufae
994 418 1046 476 lib.
1060 417 1085 493 I,

70 510 143 585 picis
165 510 292 568 Brittiae
315 508 367 566 lib,
385 507 410 582 Ι,
433 508 491 567 olei
514 506 584 565 irini
608 506 689 583 quod
712 510 786 566 satis
809 509 862 566 est.

259 734 355 799 XVI.
381 734 568 817 Compositio
590 734 712 817 colhstii
733 734 894 817 fistularis.

47 885 79 925 s*
136 864 221 934 Quod
244 865 408 939 conficitur,
430 869 467 923 ut
489 865 629 923 mittatur
651 864 684 922 in
706 864 822 924 fistulas
845 865 1013 938 wluerum,
1049 857 1192 900 1V1⁶G⁰ss¹=

71 974 145 1031 qnae
169 955 206 1014 ab
228 954 318 1013 initio
348 955 452 1013 curata
474 954 587 1012 fuerint
614 954 809 1032 negligenter.
854 953 1015 1013 Formatur
1041 910 1193 993 mem

71 1047 168 1103 autem
199 1044 237 1103 ad
267 1062 437 1103 mensuram
466 1042 562 1119 ipsius
592 1042 724 1117 fistulae,
753 1046 790 1102 ut
820 1061 889 1102 cum
918 1043 1086 1101 immissum

69 1134 173 1207 fuerit,
199 1134 323 1192 eandem
345 1134 442 1208 possit
464 1132 600 1209 implere,
624 1135 660 1190 ut
684 1134 809 1192 celerius
832 1135 1009 1207 consumpta
1031 1131 1085 1189 du-

69 1224 136 1282 ritie
166 1222 237 1281 viva
267 1235 337 1281 caro
367 1221 457 1280 ducat
491 1221 618 1280 solidam
653 1221 829 1281 cicatricem.
882 1221 962 1297 Misy
991 1221 1042 1282 lib.
1061 1222 1084 1297 Ι,
1158 1236 1160 1241 ·

35 1333 57 1370 ιο
69 1312 183 1370 seculae
196 1310 247 1371 lib.
262 1311 287 1386 Ι,
306 1312 456 1389 aeruginis
470 1310 522 1369 lib.
536 1309 560 1384 Ι,
575 1310 711 1371 chalcitis
724 1311 775 1370 lib.
793 1311 817 1386 Ι,
836 1310 948 1370 cumini
961 1329 1026 1370 unc.
1041 1310 1086 1368 VI

68 1403 144 1461 teres
175 1419 243 1459 cnm
273 1404 356 1460 aceto
386 1403 417 1458 et
439 1399 565 1475 collyria
594 1401 695 1459 facies.
741 1400 818 1460 Item
847 1401 937 1458 aliter
967 1402 1119 1475 compo-2
1188 1389 1190 1394 ¹

68 1493 150 1549 nitur
168 1489 327 1565 collyrium
345 1488 492 1548 fistulare:
515 1489 592 1565 misy
610 1489 662 1548 lib,
680 1489 705 1563 Ι,
723 1489 873 1567 aeruginis
891 1489 942 1547 lib.
961 1489 986 1564 Ι,
1005 1489 1083 1547 chal·

68 1579 134 1639 citis
158 1579 210 1638 lib.
229 1578 254 1652 Ι,
276 1579 373 1637 mellis
396 1596 462 1637 nnc.
482 1577 535 1653 VI,
557 1578 698 1638 lonchitis
722 1580 810 1656 pond.
831 1578 863 1636 Π
877 1597 995 1659 ‚coques
1018 1597 1086 1637 cnm

67 1671 137 1728 vino
160 1670 256 1727 veteri
278 1668 475 1744 pastillosque
497 1668 589 1726 facies
612 1667 721 1727 fistulis
743 1667 924 1728 inserendos.

34 1920 56 1959 u
239 1894 356 1960 XVII.
382 1893 569 1976 Compositio
592 1894 769 1977 onatopmoe
791 1896 913 1959 modae.

136 2023 233 2084 (lalcis
251 2025 338 2084 vivae
353 2024 403 2083 lib.
418 2025 458 2097 Π,
476 2025 590 2099 sinapis
608 2024 806 2083 Alexandrini
824 2024 876 2084 lib.
890 2024 924 2099 Ι.,
942 2025 1014 2084 ficus
1047 2018 1082 2110 11
1089 2020 1115 2112 ff
1123 2016 1191 2112 ἓξὲξ

67 2116 163 2174 siccae
186 2133 251 2174 unc.
270 2113 323 2187 VI,
346 2113 493 2192 axungiae
522 2113 601 2188 quod
625 2113 736 2173 sufficit
762 2116 794 2171 in
821 2133 915 2171 unum
946 2132 1013 2172 con·
1120 2166 1124 2172 .

66 2202 174 2262 tundes
198 2205 229 2261 et
250 2205 351 2262 uteris.

139 2396 156 2445 6
176 2390 211 2444 cf.
225 2389 294 2460 Veg.
309 2390 335 2443 Π
350 2395 393 2456 26,
408 2397 432 2444 3.
462 2389 535 2443 chir.
551 2407 574 2444 c.
590 2395 649 2444 933.

138 2575 155 2623 2
173 2569 254 2623 miae
272 2586 323 2623 om.
338 2570 366 2623 P
383 2572 473 2637 (cerae
495 2568 568 2638 picis
586 2567 632 2622 Br.
653 2585 708 2621 ana
725 2566 774 2621 lib.
790 2569 822 2638 s.)
854 2570 864 2637 11
896 2573 911 2621 3
931 2586 957 2637 p.
973 2566 1018 2622 Br.
1033 2566 1083 2621 lib.

66 2643 105 2697 ed.
116 2659 163 2711 pr.
178 2642 207 2696 A
225 2640 281 2695 olei
294 2639 425 2694 immittis
439 2657 485 2707 qu.
501 2643 528 2695 A
545 2643 549 2708 1
565 2642 702 2709 quantum
717 2640 804 2710 (quod
818 2641 853 2708 P)
873 2639 978 2693 suflicit
992 2640 1031 2694 ed.
1039 2656 1076 2707 pr

67 2715 131 2769 ΑΡ.
154 2744 188 2753 -
200 2713 306 2781 Species
324 2714 381 2766 alio
398 2710 495 2767 ordine
512 2713 582 2766 dant
600 2712 640 2766 ed.
651 2730 696 2783 pr.
711 2713 748 2779 A,
767 2712 823 2766 clio
838 2713 872 2778 Ρ,
891 2713 948 2766 clio
962 2711 990 2765 L
1008 2728 1086 2780 quem

65 2791 173 2839 secutus
190 2801 258 2838 sion,

138 2861 155 2909 ὁ
169 2854 317 2924 collyrium
326 2854 453 2909 fistulare
466 2853 543 2922 quod
557 2855 596 2908 ed.
604 2871 648 2923 pr.
666 2856 670 2925 1
686 2854 718 2907 fit
732 2856 760 2909 P
774 2858 778 2924 1
793 2857 826 2908 ut
840 2872 890 2909 om.
902 2854 928 2907 L
938 2853 1090 2924 (immitta-v

65 2930 121 2997 tur)
136 2929 176 2996 116
196 2927 220 2980 si
239 2943 261 2980 c.
277 2929 296 2980 t.
313 2926 339 2979 L
352 2929 392 2996 117
411 2927 441 2980 in
459 2943 545 2979 mens.
561 2926 588 2980 L
608 2928 617 2995 11
638 2931 655 2978 8
674 2925 796 2979 celiam
815 2943 838 2980 e.
853 2926 894 2980 ed.
905 2944 950 2995 pr.
969 2928 1002 2979 ut
1021 2942 1086 2978 con-

67 3000 179 3068 sumpta
197 2998 347 3067 putredine
366 2999 395 3051 et
414 2997 572 3051 callositate
590 2998 657 3050 viva
676 3013 739 3050 caro
758 3000 891 3052 nascatur
909 2999 937 3051 P
948 2999 987 3067 119
1006 2997 1087 3050 missi

66 3071 111 3124 vel
126 3085 182 3123 aer.
197 3070 246 3124 lib.
257 3069 270 3122 I
283 3069 370 3123 calcis
384 3068 433 3122 lib.
450 3087 470 3122 s.
486 3071 515 3123 P
526 3071 575 3137 qui
589 3068 695 3122 cumini
705 3099 738 3108 -
751 3075 784 3123 12
799 3068 887 3123 chalc.
903 3086 953 3123 om.
968 3071 977 3136 11
993 3073 1024 3120 11
1039 3068 1085 3122 vel

67 3158 89 3195 c.
104 3142 146 3196 ed.
157 3158 202 3211 pr.
217 3143 245 3195 A
258 3143 268 3210 11
283 3146 315 3194 13
334 3140 428 3194 mellis
446 3157 508 3194 une.
526 3140 584 3194 Vs.
600 3139 627 3193 L
643 3143 648 3210 1
663 3139 789 3210 longitae
806 3141 833 3195 L
852 3139 973 3209 iungitis
988 3140 1028 3193 ed.
1039 3156 1085 3207 pr.

68 3215 94 3267 A
111 3213 324 3268 terenbentinae
343 3214 372 3267 P
399 3214 403 3280 1
433 3229 496 3266 cum
515 3212 542 3266 L
560 3212 590 3265 in
609 3213 637 3266 P
654 3228 688 3266 ex
710 3213 750 3266 ed.
766 3230 811 3282 pr.
827 3214 855 3267 A
886 3214 895 3281 11
928 3217 961 3264 14
979 3210 1046 3263 inde
1065 3210 1085 3264 f.

68 3286 106 3339 ed.
157 3325 164 3339 .
179 3287 207 3339 A

118 3301 173 3410 pit
191 3372 214 3411 c.
224 3356 323 3411 XVII
332 3372 383 3409 mn.
399 3357 427 3409 P
438 3357 447 3425 11
462 3359 496 3407 16
509 3354 582 3422 picis
600 3354 692 3408 siccae
701 3354 728 3407 L
742 3353 788 3407 fici
802 3353 870 3406 sicci
884 3353 912 3406 A
925 3355 935 3422 11
950 3357 981 3406 17
997 3370 1086 3420 quan-

68 3431 128 3482 tum
147 3428 187 3482 ed.
198 3445 242 3496 pr.
258 3429 286 3482 A
302 3429 306 3495 1
322 3427 353 3480 in
370 3443 459 3480 unum
478 3427 506 3481 A
524 3427 553 3478 et
570 3443 658 3478 unum
677 3424 704 3478 L
721 3424 862 3478 immisces
881 3425 920 3477 ed.
932 3441 977 3492 pr.
