2509 3892
443 162 583 216 MVLOM.
603 163 615 215 I
634 168 739 216 47-50

429 414 595 480 XLVIII.
618 415 669 479 De
691 416 756 480 itae.

148 544 182 602 Si
199 564 324 603 manum
342 546 477 603 inieceris
492 548 522 603 et
540 548 638 603 totum
655 549 789 605 ventrem
808 549 950 622 tympano
970 546 1099 606 similem
1112 559 1137 598 Π
1152 560 1177 598 20
1192 557 1240 597 sou

85 634 292 707 pertractando
316 636 455 702 senserisy
484 636 560 693 scias
584 654 652 693 eum
674 637 766 694 ileum
793 637 859 712 pati
886 639 916 694 et
938 637 997 694 cito
1020 637 1098 712 peri-

85 722 188 780 clitari.
237 724 277 782 Idt
306 723 375 782 ideo
404 724 592 782 unctionibus
624 724 727 783 calidis
757 724 908 783 fricandus
939 728 984 783 est
1012 726 1097 783 vehe-

62 814 195 869 smenter
228 815 258 871 et
291 811 351 870 diu.
402 811 435 870 Si
466 815 589 871 ventum
621 816 752 888 coeperit
784 815 932 887 emittere,
963 815 1035 871 tune
1066 816 1099 871 in

83 898 131 957 illo
154 919 223 976 spes
245 902 355 977 incipit
377 921 438 960 esse
461 901 589 961 vivendi.

389 1109 445 1173 IL.
469 1109 519 1173 De
542 1109 645 1174 delore
667 1111 789 1174 scabis.

144 1239 222 1299 Item
245 1242 271 1299 si
290 1259 411 1297 manum
433 1240 548 1298 miseris
573 1242 603 1297 et
625 1240 773 1298 inveneris
797 1240 883 1299 valde
907 1242 1009 1315 patere
1032 1239 1240 1297 lon-1121Schr

86 1344 227 1401 moenem
245 1331 277 1387 et
295 1332 425 1404 stercora
441 1347 503 1387 non
521 1329 617 1387 multa
631 1327 739 1387 habere
757 1348 810 1387 nec
829 1347 891 1388 esse
909 1329 1098 1387 vehementer

55 1429 75 1467 1⁰
85 1415 230 1492 inflatum,
253 1420 331 1477 scias
353 1420 452 1494 ipsum
474 1421 608 1476 ventrem
633 1416 740 1490 dolere,
763 1417 795 1475 id
818 1421 863 1477 est
886 1418 1097 1494 aqualiculum.

86 1501 145 1564 (lito
176 1508 362 1583 requiescere
393 1507 481 1579 solet,
514 1507 540 1564 si
572 1507 709 1564 celeriter
738 1526 828 1582 supra
860 1507 955 1566 dictas
985 1506 1097 1566 calidas

86 1598 226 1670 acceperit
248 1596 385 1671 potiones
408 1595 624 1673 diligenterque
653 1614 688 1652 ex
712 1595 808 1654 calido
831 1599 982 1673 unguento
1005 1595 1097 1654 fuerit

85 1683 281 1753 perticarum.
320 1684 353 1743 Si
366 1702 481 1743 moram
495 1685 658 1743 curationis
673 1685 820 1758 attuleris,
840 1684 960 1743 difficile
975 1685 1094 1744 evadet:

18 1849 19 1854 η
85 1787 148 1829 nam
170 1793 206 1832 ex
228 1774 286 1832 hac
308 1774 446 1848 passione
469 1772 630 1847 cordapsos
654 1772 718 1831 fieri
741 1774 902 1833 consuevit.

57 1995 77 2033 ¹⁵
423 1981 460 2045 L.
484 1980 534 2045 Dc
556 1981 658 2046 delere
680 1981 747 2045 celi.

147 2110 178 2169 Si
200 2131 323 2170 manum
341 2112 457 2170 miseris
481 2116 512 2169 et
534 2112 673 2170 similiter
691 2112 887 2189 longanonem
908 2115 1011 2187 patere
1035 2113 1097 2171 sine
1110 2125 1136 2163 11
1151 2125 1176 2164 ee
1191 2125 1240 2168 sou

88 2196 143 2255 ulla
163 2201 318 2260 inflatione
340 2201 484 2277 repereris
508 2202 538 2259 et
560 2219 620 2259 non
642 2201 813 2276 frequenter
837 2202 1024 2259 volutantem
1047 2200 1097 2259 sed

18 2361 19 2374 χ
87 2289 273 2356 proicientem
292 2308 322 2348 se
341 2288 466 2349 subinde
486 2291 520 2347 in
538 2288 690 2348 dexteram
707 2292 824 2364 partem
842 2292 872 2347 et
893 2291 980 2364 quasi
998 2292 1098 2346 exten·

89 2370 196 2438 dentem
210 2399 242 2438 se
260 2379 411 2437 interdurn
426 2377 464 2436 ad
483 2397 626 2437 conamen
639 2379 809 2437 minationis
825 2380 855 2435 et
868 2380 1000 2435 invenies
1016 2377 1096 2435 duri-

57 2472 78 2511 20
89 2462 153 2523 liam
169 2468 202 2526 in
215 2468 359 2526 intestino
377 2469 529 2545 ingentem
546 2467 716 2525 cucurbitae
735 2467 875 2525 similem:
889 2466 965 2523 scias
985 2467 1097 2524 animal

93 2580 298 2598 Ὰ--η

152 2660 167 2706 2
186 2654 260 2708 chir.
276 2673 299 2708 c.
316 2660 375 2707 231.
449 2660 465 2707 8
485 2654 558 2708 Chir.
573 2670 595 2707 c.
613 2660 674 2709 232.
748 2658 780 2705 le
800 2650 872 2705 Ohir.
889 2669 911 2707 c.
927 2658 987 2707 233.

97 2759 297 2774 x—

153 2839 165 2885 1
185 2833 269 2901 yleon
288 2834 349 2887 AP
360 2834 399 2901 113
419 2832 537 2886 senseris
556 2849 606 2886 em.
622 2832 654 2886 F
673 2834 676 2900 Ι
696 2831 790 2900 ipsum
809 2832 837 2885 P
848 2849 898 2887 em.
914 2833 961 2900 F!
983 2838 998 2886 3
1017 2833 1095 2902 ylion

91 2896 240 2971 Pydylion
259 2905 290 2959 F
306 2904 387 2958 ilium
405 2905 433 2958 A
448 2906 453 2972 Ι
470 2907 498 2958 et
516 2903 663 2971 017111114
682 2901 766 2971 perir.
781 2903 809 2956 P
827 2907 836 2972 ΙΙ
857 2909 873 2957 5
892 2907 921 2958 et
940 2904 1050 2958 dimissi
1069 2906 1097 2959 A

151 2980 166 3027 8
181 2991 233 3029 nec
246 2975 329 3028 valde
341 2976 413 3030 cerr.
431 2979 435 3043 Ι
451 2975 512 3044 pati
525 2975 636 3028 ΔΜ.
643 2991 688 3042 pr.
702 2976 712 3044 ll
728 2979 760 3027 10
770 2977 893 3030 veterem
902 2976 931 3029 P
944 2977 948 3044 Ι
965 2976 1097 3044 aliquali·

90 3040 174 3100 culum
192 3048 221 3100 P
237 3046 431 3114 aquaticnlum
449 3047 477 3100 A
499 3047 508 3114 ΙΙ
533 3051 564 3098 11
585 3063 606 3098 s.
622 3045 742 3114 scriptas
761 3047 789 3099 P
813 3049 817 3116 Ι
846 3048 876 3100 et
894 3063 916 3100 c.
932 3048 972 3101 ed.
983 3066 1029 3117 pr.
1044 3049 1073 3101 P
1087 3047 1097 3119 ΙΙ

92 3113 119 3163 12
135 3131 166 3170 cx
180 3134 203 3172 c.
218 3135 245 3171 u.
261 3134 311 3172 om.
322 3118 350 3171 A
364 3133 398 3171 ex
412 3133 462 3170 om.
474 3117 523 3186 Fu
539 3123 571 3169 13
586 3116 611 3170 si
625 3119 721 3171 autem
731 3134 753 3170 c.
765 3132 789 3170 a.
805 3119 832 3171 A
849 3121 853 3187 Ι
875 3134 931 3171 non
946 3118 1096 3173 abstuleris

90 3183 124 3236 ed.
130 3204 171 3255 pr.
189 3191 193 3258 Ι
209 3188 290 3242 vadit
303 3190 331 3244 P
342 3191 351 3257 ΙΙ
366 3194 400 3241 14
414 3192 443 3242 et
456 3188 482 3240 h.
497 3206 525 3257 p.
536 3188 582 3259 ΡΙ
599 3205 695 3242 eornm
709 3188 829 3258 dapsum
839 3190 867 3243 A
881 3205 928 3244 cor
942 3189 1054 3258 lapsum
1068 3191 1099 3244 F

152 3265 184 3342 16
204 3276 320 3314 manum
338 3278 374 3315 m.
389 3276 412 3313 e.
428 3277 449 3313 s.
464 3276 514 3314 om.
530 3261 558 3314 P
572 3259 576 3330 Ι
592 3260 655 3328 pati
669 3261 697 3314 A
715 3261 755 3314 cd.
766 3277 811 3329 pr.
826 3262 835 3328 ll
855 3267 887 3314 17
906 3261 1054 3343 reperieris
1069 3263 1097 3315 A

93 3333 227 3456 tlt}
233 3331 468 3473 ''selsada
476 3330 816 3469 1111111111
828 3332 1096 3470 illitterati

95 3464 172 3535 Plet
189 3473 207 3526 i.
222 3474 251 3527 A
265 3490 315 3527 orn.
329 3475 401 3545 culp.
425 3474 430 3545 l
456 3473 590 3527 duritiam
608 3475 670 3527 FP
681 3475 691 3542 11
705 3478 738 3524 20
757 3472 786 3523 in
805 3488 855 3525 em.
871 3473 901 3524 F
923 3474 926 3537 Ι
952 3471 1094 3523 intestinis

18 3527 19 3618 l
95 3538 127 3590 ed·
137 3560 178 3612 pr.
195 3547 199 3615 Ι
215 3544 359 3614 ingentem
378 3563 428 3600 em.
444 3546 471 3598 A
490 3560 623 3612 magnam
642 3545 670 3596 P

17 3851 132 3889 μ
