2509 3892
165 153 231 217 300
605 152 740 206 VEGETI

164 322 294 397 marina,
324 342 415 398 quam
443 321 549 381 Graeci
577 321 784 397 tithymallum
814 324 937 394 vocant,
967 319 1102 379 admixto
1126 321 1183 380 sale

164 412 336 487 imponitur.

429 601 546 666 xrn.
569 601 620 665 ne
637 601 769 683 percus
792 602 917 665 artata.

93 725 207 819 Hssffl
269 731 396 790 Subtriti
440 733 531 790 etiam
573 730 663 806 pedes
698 730 840 788 eluuntur
883 730 1029 788 calefacta
1075 730 1187 788 bubula

218 821 313 879 urina.
356 820 469 879 Deinde
489 819 625 878 favillam
645 823 862 877 sarmentorum
880 820 1046 877 ferventem
1072 820 1188 878 calcare
1215 840 1229 878 s

168 909 359 987 compellitur
382 913 412 968 et
433 911 499 985 pice
522 908 638 983 liquida
668 927 735 967 oum
762 909 826 967 oleo
851 909 899 967 vel
922 907 1054 986 axungia
1078 927 1191 967 cornua

168 1001 232 1059 eius
265 1002 426 1077 unguntur.
477 998 577 1056 Minus
608 999 710 1056 tamen
745 997 930 1072 claudicant,
966 997 991 1055 si
1027 997 1066 1055 ab
1101 1016 1190 1074 opere

167 1089 323 1150 disiunctis
345 1088 456 1165 frigida
478 1087 567 1163 pedes
587 1087 726 1145 laventur
748 1090 779 1145 ct
802 1086 978 1163 suffragines
1002 1104 1192 1164 coronaeque

167 1196 202 1237 ac
224 1177 330 1237 fissura
353 1178 447 1252 ipsius
470 1175 601 1253 ungulae
624 1178 718 1234 veteri
741 1175 871 1253 axungia
894 1175 1085 1234 defricentur.

447 1437 585 1502 XVIII.
608 1437 659 1501 De
681 1437 780 1502 armis
802 1438 905 1504 laesis.
1053 1490 1056 1497 .
1206 1464 1229 1501 a

97 1563 211 1656 Πῇζξῃῗθ
264 1570 445 1644 Frequenter
475 1568 565 1625 etiam
596 1567 645 1626 vel
676 1566 713 1625 ab
744 1569 906 1643 asperitate
936 1567 1053 1626 itineris
1081 1568 1131 1626 rel
1161 1570 1191 1625 iu

219 1657 435 1734 proscindendo
459 1657 602 1714 duritiam
630 1656 688 1714 soli
711 1659 764 1714 aut
791 1655 888 1715 obviis
910 1655 1063 1715 radicibus
1088 1657 1192 1715 obluc-

165 1747 257 1805 tando
281 1747 423 1806 convellit
445 1765 552 1805 armos.
598 1743 683 1813 Quod
707 1765 780 1804 cum·
798 1745 954 1820 acciderit,
977 1764 1013 1803 ex
1037 1745 1192 1821 prioribus
1225 1797 1228 1800 .

167 1836 301 1894 eruribus
314 1837 446 1912 ¹sanguis
469 1836 630 1906 emittitur3
655 1835 680 1893 si
700 1835 840 1893 'dextrum
860 1854 975 1892 armum
998 1834 1132 1909 laeserit,
1156 1854 1192 1892 eu

166 1924 297 1999 sinistro,
321 1924 347 1983 si
365 1925 519 1984 sinistrum
538 1943 572 1982 ex
596 1923 708 1981 dextro.
746 1923 779 1982 Si
797 1923 1002 1983 vehementius
1025 1927 1230 1999 utrumquem

166 2015 330 2087 vitiaverit,
354 2012 445 2072 etiam
467 2015 499 2071 in
522 2012 736 2089 posterioribus
756 2011 890 2071 cruribus
909 2031 1002 2071 venae
1021 2012 1190 2072 solvuntur.

216 2277 219 2281 Δ
240 2209 271 2255 11
293 2200 350 2256 Col.
366 2201 404 2255 VI
424 2207 465 2256 rc.

166 2315 380 2324 --—..—--—

240 2388 253 2433 1
270 2381 346 2449 quod
357 2379 401 2433 Gr.
412 2377 547 2432 temalum
558 2396 582 2432 r.
594 2378 620 2431 L
635 2394 708 2445 quae
719 2376 824 2431 Graece
834 2377 853 2429 d
863 2420 869 2430 .
881 2420 887 2429 .
900 2420 905 2430 .
917 2419 922 2430 .
939 2377 1066 2431 timallos
1076 2394 1140 2432 cum
1150 2380 1189 2431 ln·

167 2470 241 2506 cuna
256 2452 283 2505 P
296 2451 437 2519 cyniolam
451 2451 490 2504 ed.
502 2467 547 2518 pr.
563 2448 695 2503 cimalam
710 2451 738 2503 A
752 2450 787 2515 cf.
798 2465 869 2517 corp.
880 2449 959 2519 ploce.
970 2450 1059 2518 IIIp.
1071 2454 1135 2516 577,
1146 2455 1188 2503 54.

240 2529 255 2575 3
275 2524 372 2576 lemma
390 2523 422 2575 ic
436 2523 471 2587 L,
486 2522 513 2575 A
528 2520 564 2589 (si
579 2520 640 2574 sola
654 2536 704 2589 pes
719 2520 803 2573 boum
818 2519 950 2588 doluerit)
964 2522 973 2588 ll
987 2525 1004 2572 4
1019 2520 1189 2574 calefactam

166 2594 244 2647 bubrl
263 2593 404 2647 laurinam
423 2594 449 2647 L
478 2594 487 2661 ll
515 2590 649 2646 tfavilla
668 2610 688 2644 s.
709 2591 833 2645 fervente
855 2592 896 2644 ed.
906 2609 952 2660 pr.
967 2593 994 2644 A
1021 2592 1031 2659 ΙΙ
1060 2592 1188 2661 apicem

166 2664 185 2718 l.
196 2697 231 2704 —
242 2681 399 2734 superpone
418 2666 445 2719 P
467 2667 476 2731 ΙΙ
500 2669 516 2717 8
535 2662 671 2716 disiuncti
689 2662 722 2715 fr.
742 2678 817 2729 aqua
835 2663 921 2730 pedes
939 2661 958 2715 l.
974 2662 1001 2714 L
1025 2665 1030 2729 l
1057 2679 1189 2717 coronae-

167 2752 223 2803 que
241 2735 367 2788 adfixum
382 2735 504 2804 ungulae
519 2734 546 2787 L
564 2750 702 2801 muneque
722 2749 754 2786 ac
769 2732 788 2787 f.
806 2735 842 2786 M
858 2734 986 2800 morique
1005 2737 1035 2787 et
1049 2734 1152 2788 fissura
1167 2736 1194 2788 Ρ

168 2807 289 2860 scissura
304 2807 376 2877 culp.
395 2809 405 2875 ΙΙ
423 2811 438 2859 9
460 2805 615 2860 defricatur
629 2806 663 2859 L.
675 2836 708 2843 —
718 2822 740 2859 c.
754 2806 868 2859 XVIII
878 2822 912 2858 sa.
923 2822 974 2859 orn.
985 2806 1014 2858 P
1025 2808 1077 2873 qui
1095 2807 1190 2860 addit:

167 2878 286 2931 rabiosis
301 2878 381 2946 equis
396 2878 424 2932 et
440 2876 556 2930 canibus
571 2877 609 2929 da
622 2875 719 2929 bibere
733 2891 860 2929 rasuram
876 2876 911 2929 de
929 2874 1047 2944 yliemia
1062 2877 1191 2946 (ylienua

170 2951 215 3018 M)
235 2951 263 3001 et
282 2951 425 3001 sanantur.
454 2948 507 3002 deo
525 2948 644 3018 gracias.

240 3024 273 3073 10
292 3021 399 3073 ocultum
418 3020 515 3073 lemma
533 3021 565 3072 in
583 3020 610 3073 A
628 3017 669 3072 ed.
680 3035 725 3087 pr.
749 3020 758 3086 ΙΙ
783 3024 813 3071 11
834 3017 878 3071 vel
898 3017 934 3071 ab
953 3034 1003 3071 om.
1019 3018 1047 3071 L
1070 3020 1075 3087 Ι
1099 3018 1130 3072 iu
1149 3037 1188 3088 pr.

169 3090 228 3144 solo
243 3090 269 3143 L
288 3090 317 3142 iu
336 3109 377 3160 pr.
398 3090 533 3144 duritiam
553 3092 593 3159 (a
608 3092 645 3158 A)
665 3089 718 3143 soli
732 3090 772 3143 ed.
784 3107 829 3157 pr.
844 3091 872 3143 A
890 3088 921 3140 iu
935 3106 975 3156 pr.
992 3088 1119 3144 duritiae
1138 3090 1188 3145 soli

168 3163 248 3217 Selia.
276 3163 285 3231 ΙΙ
314 3168 346 3215 12
367 3165 416 3216 aut
434 3179 485 3217 om.
501 3163 527 3216 L
556 3163 560 3231 l
589 3160 761 3215 obluctando
776 3162 802 3215 L
821 3158 1000 3214 obvolutatus
1019 3159 1061 3213 ed.
1073 3179 1121 3229 pr.
1136 3164 1164 3216 A
1181 3167 1189 3185 ¹*

170 3240 202 3286 14
222 3234 349 3288 dextram
367 3235 407 3288 ed.
418 3252 463 3302 pr.
494 3237 498 3303 1
532 3249 641 3286 armum
660 3231 677 3285 l.
698 3239 722 3286 et
740 3231 765 3285 si
784 3230 834 3285 sin.
855 3247 889 3285 ex
908 3231 934 3284 d.
954 3247 1004 3284 om.
1019 3232 1061 3284 ed.
1073 3251 1121 3301 pr.
1137 3235 1165 3287 A

169 3310 202 3360 15
222 3306 251 3358 et
270 3305 294 3358 si
312 3305 352 3358 ecl.
364 3322 409 3374 pr.
425 3306 453 3359 A
482 3307 485 3372 Ι
515 3306 636 3371 utrumq.
651 3305 691 3357 erl.
703 3321 748 3372 pr.
776 3306 786 3373 ΙΙ
815 3308 847 3357 16
865 3301 1070 3372 posterioribus
1089 3303 1119 3356 L
1135 3305 1190 3359 Col,

169 3375 355 3447 anterioribus
374 3376 414 3429 ed.
425 3392 470 3443 pr.
486 3378 513 3429 A
