2509 3892
188 147 253 210 144
627 143 763 198 VEGETI

186 333 273 373 cruor
302 316 355 371 aut
384 315 485 372 tumor
514 314 639 370 emanet.
685 310 767 380 Quae
797 311 967 371 observatio
997 310 1114 370 etiamsi
1140 327 1189 368 non

185 400 398 478 persanat-erit,
421 403 577 476 sequentes
599 403 703 460 tamen
725 400 850 459 adiuvat
871 418 965 459 curus.

360 627 397 690 L.
420 626 471 691 De
487 625 620 708 pedibas
642 626 822 689 cmmotiois
844 630 873 689 ct
894 626 1034 690 ventosis.

95 769 164 811 meo
172 768 239 809 saun
283 757 438 816 Interdum
450 755 608 814 reumatici
620 756 829 828 iumentorum,
843 753 994 814 interdum
1007 754 1123 813 ventosi
1134 753 1193 811 sunt

186 846 283 923 pedes.
321 846 403 915 Quae
426 845 503 903 vitia
528 862 682 919 nunquam
704 843 855 921 tangenda
880 846 951 903 sunt
973 844 1062 916 ferro,
1084 842 1135 903 sed
1153 859 1220 899 err

186 934 324 995 siccanda
346 953 400 1011 per
422 933 573 1011 malagma
595 931 645 991 rel
667 934 831 991 camtieum
854 934 884 990 et
909 932 1071 1007 aliquando
1093 929 1193 989 urende
1238 929 1239 1004 j

186 1025 293 1082 leviter
322 1015 412 1098 super
440 1039 544 1095 venas,
576 1023 610 1079 ut
640 1022 781 1080 cauteriis
810 1023 940 1096 meatus,
970 1022 1024 1096 qui
1053 1021 1193 1078 humorem
1233 1033 1239 1090 ς

187 1111 362 1187 suscipiunt,
386 1112 583 1188 angustentur
605 1111 636 1168 et
659 1108 915 1187 constringantur,
938 1111 974 1168 ut
995 1128 1051 1185 pro
1074 1112 1193 1184 tempore
1238 1185 1239 1190 η

188 1200 315 1259 afferant
343 1199 534 1257 medicinam:
558 1199 629 1273 quia
651 1198 685 1256 in
707 1199 818 1271 totum,
849 1199 969 1258 etiamsi
995 1199 1149 1256 intercisae
1169 1198 1194 1252 et
1238 1213 1239 1232 ¹

188 1288 329 1347 adversae
352 1289 422 1347 sunt
444 1306 546 1360 venae,
569 1306 629 1345 non
651 1287 763 1361 poterit
785 1287 856 1345 talis
880 1305 969 1347 carisa
992 1286 1100 1346 sanari
1204 1302 1222 1340 o

501 1512 560 1575 LI.
583 1511 634 1576 De
656 1511 896 1593 impetiqioibos

98 1652 167 1694 11151
175 1654 243 1694 Sohn·
289 1641 481 1719 Impetigines
497 1660 613 1717 quoque
623 1642 800 1700 inarticulis
810 1642 858 1700 vel
873 1640 998 1718 genibus
1007 1642 1088 1699 inter
1100 1656 1195 1699 nervos
1238 1629 1239 1686 Ϊ

189 1730 458 1792 commissuralibus
485 1730 558 1790 locis
588 1730 753 1806 aliquando
784 1733 948 1788 nascuntur
980 1732 1010 1788 et
1037 1729 1072 1787 fit
1099 1728 1195 1786 vulnus
1238 1733 1239 1798 J

189 1819 286 1879 simile
314 1818 438 1896 ragadio
469 1821 499 1877 et
527 1838 588 1877 non
617 1819 706 1877 facile
736 1820 873 1892 sanatur,
907 1818 967 1876 nisi
1001 1817 1128 1877 stulticia
1154 1814 1195 1873 rel
1238 1817 1239 1824 ’

189 1908 328 1983 styptiois
346 1906 442 1983 rebus,
461 1925 521 1965 non
539 1909 602 1966 siue
622 1908 793 1985 alligatura,
813 1907 862 1965 vel
880 1906 1032 1965 interdum
1051 1906 1195 1966 adratione
1206 1911 1239 1960 1⁵]

189 1999 315 2055 curetur.
357 1995 521 2073 Malagmas
550 2014 669 2071 quoque
699 1997 906 2055 convenientes
936 1998 1056 2070 oportet
1085 1991 1194 2070 imponi.

520 2218 599 2283 LII.
622 2219 673 2284 De
694 2220 874 2301 oliqioibus.

98 2361 243 2405 mensum
288 2350 425 2428 Uligines
448 2350 540 2408 etiam
562 2349 594 2406 in
617 2349 750 2424 pedibus
774 2348 908 2407 cruribus
930 2348 1136 2425 unguibusque
1155 2345 1196 2405 rel

191 2440 245 2499 sub
268 2438 358 2499 armis
381 2438 543 2513 aliquando
572 2440 763 2515 generantur,
793 2456 867 2513 quas
895 2438 1018 2513 quidam
1041 2435 1196 2496 dulcedines

263 2666 279 2712 4
298 2660 371 2714 Ohir.
386 2678 408 2713 c.
425 2665 466 2712 51.
542 2666 574 2713 12
595 2659 667 2713 Chir.
684 2665 765 2714 (152.
841 2665 873 2713 18
893 2659 966 2714 Chir.
982 2675 1005 2712 c.
1022 2665 1063 2714 53.

265 2877 278 2924 1
298 2870 397 2923 humor
415 2871 522 2925 Hionios
538 2873 542 2940 l
559 2872 634 2926 enim
653 2873 678 2926 ai
696 2873 723 2926 A
736 2874 775 2941 112
796 2889 915 2940 aequans
935 2874 962 2927 A

264 2946 279 2993 3
298 2942 328 2994 et
350 2958 374 2994 v.
394 2942 422 2994 P
438 2941 495 2994 sive
514 2959 537 2994 v.
557 2944 628 3014 eolo.
650 2944 660 3012 ΙΙ
683 2948 698 2996 5
718 2960 829 3013 quoque
851 2943 923 2996 vitia
936 2945 965 2997 P
984 2945 994 3012 ΙΙ
1018 2947 1034 2995 6
1053 2942 1197 3010 malignae

192 3012 231 3067 ed.
243 3029 287 3081 pr.
302 3013 312 3080 ΙΙ
327 3017 342 3065 '1
360 3011 460 3065 leviter
477 3028 528 3067 om.
544 3013 572 3065 P
592 3015 597 3080 Ι
619 3029 703 3082 super
720 3031 805 3069 venas
824 3014 852 3067 P
870 3015 943 3069 cto.
960 3029 1096 3082 supernas
1114 3014 1139 3066 A
1156 3024 1198 3079 per

193 3099 276 3136 venas
290 3083 330 3137 ed.
342 3100 386 3152 pr.
404 3086 408 3151 Ι
425 3083 544 3138 cauterii
557 3084 597 3138 ed.
608 3101 654 3153 pr.
669 3086 697 3139 A
710 3088 719 3154 ΙΙ
733 3090 750 3138 8
764 3087 797 3137 ut
810 3086 912 3138 constr.
927 3085 954 3138 A
971 3086 975 3152 Ι
990 3086 1024 3136 ut
1036 3085 1144 3137 meatus
1158 3080 1198 3146 Pl

193 3159 208 3207 9
228 3153 296 3222 quia
314 3154 338 3206 si
356 3153 387 3206 in
405 3156 425 3206 t.
444 3155 473 3208 et
495 3153 623 3207 intensae
647 3158 676 3208 et
694 3155 828 3210 adversae
851 3173 871 3208 a.
886 3173 912 3209 v.
931 3156 960 3210 P
976 3154 1111 3209 adversae
1128 3152 1198 3207 oua

191 3227 219 3280 A
238 3228 380 3279 traversae
401 3225 473 3279 oto.
493 3223 611 3278 adustae
629 3226 669 3279 ed.
680 3242 724 3293 pr.

265 3301 298 3349 12
317 3296 346 3348 in
365 3293 484 3364 genibus
503 3294 546 3347 vel
564 3294 594 3348 in
613 3311 638 3348 a.
653 3296 681 3348 P
692 3296 701 3362 11
717 3301 749 3349 13
768 3296 894 3350 nascitur
910 3299 944 3349 ut
962 3297 990 3350 A
1010 3298 1020 3364 ll
1043 3302 1076 3351 14
1093 3291 1198 3365 ragadio

193 3365 238 3435 Pl
255 3367 392 3419 sanantur
409 3367 437 3419 P
460 3365 464 3434 Ι
492 3364 616 3418 stacticie
636 3366 663 3419 A
685 3367 694 3433 ΙΙ
719 3370 751 3419 15
770 3364 895 3435 ligatura
913 3368 946 3419 ut
963 3366 1014 3419 int.
1033 3366 1142 3420 ustione
1159 3379 1198 3417 cu·

193 3436 289 3490 rentur
308 3436 336 3489 P
346 3437 356 3504 ΙΙ
372 3440 404 3488 1ss
423 3434 565 3502 malagma
583 3451 609 3501 q.
625 3435 821 3489 convenienter
840 3437 885 3504 ΡΙ
902 3436 1099 3491 convenientes
1117 3434 1198 3491 ontA

267 3511 299 3558 17
319 3506 354 3559 de
373 3504 480 3574 uligine
499 3504 516 3557 i.
533 3503 682 3558 dulcedine
700 3504 740 3560 col.
751 3523 797 3574 pr.
811 3508 839 3560 A
853 3508 862 3574 ΙΙ
878 3512 910 3561 18
930 3523 985 3574 que
1003 3524 1054 3563 om.
1070 3507 1098 3561 P
