2509 3892
196 167 259 232 112
495 233 499 246 ,
632 167 767 222 vacari

192 340 225 395 et
244 336 375 396 sucidam
393 337 495 395 lanam
513 339 757 413 superimponito.
795 337 829 395 Si
846 325 971 396 vulnera
988 339 1107 412 fuerint
1129 340 1203 415 lipa-

192 445 258 484 ram
281 426 401 485 auribus
422 428 534 486 inseres
557 429 588 485 et
610 427 735 485 curabis.
790 492 800 515 ο

220 712 223 718 ,
321 711 324 720 ι
351 634 426 699 XV.
449 634 500 700 De
515 634 596 717 pilis
617 635 673 716 qai
694 638 865 699 noscantur
887 636 923 699 ia
945 635 1050 700 oculo.

97 777 169 840 {1115
177 774 244 816 scm
289 763 489 840 Quodcunque
507 765 675 823 iumentum
692 765 725 823 in
743 764 836 824 oculis
853 764 1008 824 trichiasin
1026 768 1167 842 patietur,
1183 768 1200 823 i.

191 857 226 913 ut
247 854 302 929 pili
326 854 417 913 aliam
438 853 613 929 palpebram
636 856 754 912 urentes
772 854 912 914 lacrimas
933 858 1074 914 moveant
1095 857 1199 915 visum·
1221 872 1230 911 s

191 962 249 1019 que
272 943 456 1016 conturbent,
478 942 534 1002 hac
552 945 669 1002 ratione
687 945 820 1002 curatur:
843 962 903 1002 non
923 944 1011 1022 longe
1034 964 1053 1003 a
1075 944 1145 1020 pilis
1167 942 1199 1002 ab

190 1033 327 1092 interiori
349 1035 435 1107 parte
463 1031 603 1108 scalpello
630 1032 752 1108 plagam
780 1030 864 1092 dabis
890 1033 923 1091 in
946 1036 1013 1092 cute
1036 1034 1198 1110 palpebrae,

190 1125 260 1197 post
281 1120 432 1180 forficibus
457 1122 659 1199 perlongum
686 1120 724 1180 ad
751 1138 919 1180 mensuram
946 1123 1026 1180 oculi
1051 1122 1198 1181 fasciolam

190 1210 343 1286 praecides
357 1213 387 1268 et
399 1210 548 1286 impositis
562 1209 661 1269 fibulis
680 1228 802 1269 consuas
815 1210 990 1287 palpebram
1007 1211 1081 1270 foris
1095 1228 1197 1282 versus

190 1302 226 1357 ut
244 1300 347 1358 oculus
370 1299 432 1358 sine
451 1299 640 1359 deformitate
658 1299 784 1374 recipiat
801 1300 899 1359 visum
917 1303 948 1358 et
965 1302 1096 1378 gratiam
1118 1302 1197 1360 natu·
1207 1317 1224 1356 rs

158 1389 291 1448 lralcm.
334 1388 418 1446 Tunc
440 1407 510 1447 vero
533 1389 646 1465 optimo
670 1389 735 1447 oleo
762 1407 816 1447 neo
843 1407 903 1447 non
926 1389 1018 1448 etiam
1039 1391 1138 1448 muria
1158 1388 1196 1446 in·
1223 1417 1226 1423 Δ

191 1478 288 1536 frisam
319 1477 476 1554 spongiam
508 1496 688 1554 superpones
720 1480 750 1536 et
782 1478 900 1536 oculum
931 1478 1081 1538 fasciabis.
1133 1478 1196 1535 Post

191 1566 270 1624 diem
293 1566 431 1641 quintum
453 1566 553 1642 solvis,
574 1570 648 1624 tuno
665 1568 842 1626 intrinsecus
866 1568 986 1626 oculum
1008 1566 1132 1643 collyrio
1154 1584 1195 1624 cu·

190 1654 285 1732 rabis,
318 1655 427 1714 deforis
451 1674 522 1714 vero
555 1655 828 1730 tetrapharmacum
854 1657 1002 1733 impones,
1032 1675 1093 1716 non
1121 1657 1194 1733 prius

157 1744 297 1804 3fibulas
321 1744 488 1819 ablaturus,
519 1763 610 1819 quam
633 1744 750 1803 duxerit
778 1746 955 1804 cicatricem.
1001 1744 1194 1804 Nihilominus
1205 1761 1221 1799 a

191 1837 221 1892 et
250 1833 422 1892 cadentibus
455 1833 555 1892 fibulis
585 1832 704 1909 collyrii
737 1852 809 1892 cura
837 1852 899 1893 non
930 1834 1038 1908 deerit,
1067 1853 1105 1892 ne
1135 1849 1193 1892 caro

190 1940 291 1982 rursus
320 1922 470 1998 superflua
500 1925 656 1982 excrescat.
706 1921 763 1982 Sed
798 1922 933 1998 plerique
963 1922 1106 1982 adhibent
1137 1940 1193 1981 cum

191 2011 379 2070 deformitate
411 2012 629 2088 compendium,
663 2014 698 2069 ut
729 2015 845 2089 partem
877 2031 955 2087 quae
985 2014 1134 2087 prominet
1162 2008 1193 2068 ad
1239 2013 1240 2066 l

190 2119 359 2160 mensuram
390 2104 514 2160 naturae
545 2100 697 2160 forficibus
727 2104 884 2176 amputent
912 2119 1061 2177 poscaque
1092 2098 1191 2179 frigida
1239 2076 1240 2137 i

190 2193 312 2266 propter
338 2190 449 2248 fluxum
476 2192 630 2268 sanguinis
657 2190 780 2249 foveant
806 2189 983 2266 oculumque
1011 2190 1135 2266 collyrio
1155 2189 1219 2245 irs-o

156 2280 335 2339 Atrinsecus
354 2283 465 2353 curent,
481 2299 518 2338 ne
536 2280 750 2356 indignationis
769 2280 943 2338 necessitate
961 2279 1105 2338 laedatur.
1141 2275 1191 2336 Ad·

189 2387 291 2429 versus
313 2367 488 2428 infestantes
517 2369 594 2444 pilos
621 2369 713 2426 tertia
743 2386 813 2426 cura
836 2371 893 2444 est,
923 2370 957 2426 ut
979 2368 1041 2427 leni
1063 2370 1191 2441 tenuique
1238 2401 1239 2420 1

261 2581 277 2626 4
296 2574 369 2628 Ohir.
384 2591 406 2626 c.
423 2580 464 2627 64.
539 2578 571 2626 11
592 2571 665 2626 Cbir.
681 2590 703 2625 c.
720 2577 761 2626 65.
837 2578 868 2626 17
889 2571 961 2626 Chir.
978 2588 1000 2626 c.
1017 2578 1059 2627 66.

262 2775 276 2822 1
297 2784 452 2837 superpone
471 2771 498 2823 P
514 2768 726 2839 superimponas
745 2770 773 2823 A
789 2771 793 2839 l
809 2769 936 2838 lyparem
954 2770 993 2824 ed.
1010 2786 1054 2838 pr.
1073 2769 1188 2839 lyparen

190 2841 218 2894 A
236 2839 348 2909 lippara
367 2842 394 2894 P
405 2842 444 2909 112
464 2840 568 2893 curasti
587 2841 626 2896 cd.
638 2858 683 2909 pr.
699 2842 726 2895 A
1236 2855 1238 2870 ¹

260 2917 277 2963 4
296 2911 490 2979 quandocunq.
506 2913 534 2966 P
551 2914 556 2979 Ι
575 2913 712 2980 tyriacem
731 2914 758 2966 P
773 2912 914 2965 tritiaccm
932 2913 1004 2983 vaip.
1025 2914 1035 2981 ΙΙ
1056 2918 1072 2965 6
1092 2913 1189 2990 contug-

189 2982 259 3035 bant
277 2983 354 3051 ΡΙΙΊ
372 2981 410 3050 pl.
430 2981 517 3036 facies
535 2982 565 3035 in
583 2983 721 3052 palpebra
740 2985 768 3037 P
782 2984 792 3052 ΙΙ
810 2988 826 3036 8
845 2981 999 3051 forpicibus
1017 2985 1057 3038 ed.
1071 3000 1113 3052 pr.
1131 2981 1187 3035 fun-

189 3053 241 3106 bus
260 3054 288 3107 A
304 3056 308 3120 Ι
325 3053 412 3107 oculis
430 3053 583 3107 fasceolam
600 3054 741 3124 praecipis
760 3055 788 3108 A
805 3057 815 3123 ΙΙ
833 3060 848 3107 9
868 3054 1008 3123 praecidis
1027 3057 1072 3124 Pl
1088 3054 1106 3107 f.
1125 3052 1187 3106 nsua

189 3127 217 3178 A
231 3127 240 3194 ΙΙ
254 3130 288 3178 10
305 3142 388 3178 usum
406 3127 433 3179 P
444 3126 454 3194 ΙΙ
469 3131 500 3178 11
520 3140 595 3194 aqua
612 3126 723 3179 marina
741 3128 769 3180 P
784 3126 902 3178 moriam
920 3126 1019 3195 111112
1038 3121 1188 3196 superponis

190 3196 250 3278 AP
260 3197 271 3266 ΙΙ
285 3202 317 3249 13
337 3196 383 3251 die
402 3197 501 3263 quinto
519 3198 558 3252 cd.
570 3213 614 3265 pr.
631 3200 664 3265 cf.
682 3198 753 3252 cair.
777 3200 786 3267 ΙΙ
810 3201 843 3250 14
860 3196 1128 3252 terrafarmarticnm
1145 3196 1168 3250 A
1183 3193 1185 3232 Ι

190 3267 403 3350 1mpouisAP!
419 3269 451 3320 ut
469 3285 508 3337 pr.
525 3269 552 3322 A
565 3271 575 3337 d
590 3273 622 3321 15
638 3286 660 3322 c.
676 3268 818 3323 induxerit
832 3270 877 3336 ΡΙ
894 3268 981 3322 etiam
995 3270 1043 3338 Pu
1059 3274 1091 3323 16
1109 3266 1187 3390 caign-

189 3338 1186 3479 1111111111111·1111111111,11111

189 3478 919 3625 111111111111111111111111111
939 3482 1132 3552 imfifflffiffl
1148 3494 1186 3531 ‘¹⁶'
