2509 3892
176 143 240 245 xee
635 178 771 233 1116611

193 350 356 426 ponigit03
379 367 455 423 quae
478 350 504 406 si
522 347 659 423 defuerit,
680 347 824 407 hordeum
841 350 1025 407 meoeratum
1043 347 1199 422 ablatisque

195 439 259 497 suis
288 437 430 496 folliculis
460 440 562 496 tusum
591 439 623 494 in
653 437 774 496 modum
803 438 940 512 ptisanae
968 437 1120 512 paulatim
1142 435 1199 495 offe-
1232 441 1233 502 ξ

195 529 280 586 ratrrr
303 529 334 584 et
355 527 526 601 frequenter
548 528 697 603 exiguum.
1233 565 1234 572 1

233 743 348 815 XXX.
371 742 422 808 De
444 743 627 809 lassitudine
650 764 729 826 quoe
750 744 870 808 uidetur
889 741 1028 825 febribus
1049 741 1170 808 emes
1234 705 1238 784 ἶ

49 887 182 928 naeuus.
262 873 440 949 Plerumque
463 875 563 931 autem
592 874 663 948 equi
689 873 771 931 ultra
800 875 878 933 vires
906 872 944 932 ad
973 890 1095 932 cursum
1118 870 1200 930 osaeti
1218 879 1238 925 s'

195 965 248 1022 aut
283 963 463 1039 ponderibus
499 962 691 1040 praegravati
727 965 780 1020 aut
799 952 921 1021 ‘sudore
957 961 1068 1021 defecti
1102 959 1201 1020 similis
1235 943 1238 992 l

194 1051 391 1111 febrientibus
414 1052 500 1129 signa
523 1050 736 1110 demonstrent.
776 1048 856 1118 Quos
881 1052 924 1110 sio
945 1050 1113 1128 intelliges:
1134 1047 1201 1108 oculi
1235 1057 1238 1110 1'

196 1141 441 1201 subleorimantes
460 1141 548 1198 erunt
562 1142 592 1199 et
610 1143 755 1215 tanquam
768 1139 873 1200 suffusi
886 1141 1040 1218 sanguine,
1058 1141 1201 1215 praeterea
1235 1135 1238 1210 l

195 1232 336 1305 spiritum
360 1229 489 1288 erebrius
519 1230 617 1307 agitat
646 1230 824 1304 faenumque
853 1229 972 1289 fastidit
1001 1227 1093 1288 etde
1117 1226 1200 1305 poste

195 1318 325 1377 rioribus
348 1317 472 1392 pedibus
495 1319 601 1377 melius
624 1336 655 1377 se
678 1317 871 1392 sustentabit,
894 1337 965 1377 nam
986 1319 1104 1393 priores
1127 1314 1201 1392 qnasi
1210 1327 1227 1367 1⁰

196 1406 340 1466 subtritos
363 1406 478 1465 terdius
500 1409 595 1482 ponit.

439 1622 576 1687 xxxi.
599 1622 650 1688 ne
669 1622 807 1705 ferreus
828 1624 998 1719 rueme..

50 1768 183 1810 nasein.
266 1753 391 1824 Quodsi
408 1752 498 1812 febris
512 1755 632 1812 interna
645 1754 745 1827 tuerit,
762 1770 822 1813 non
840 1753 929 1812 facile
947 1753 1062 1812 animal
1077 1751 1200 1820 dormiet

197 1847 229 1903 et
251 1842 360 1902 cotidie
385 1842 513 1901 deterior
536 1841 601 1918 fiet,
622 1842 776 1902 interdum
800 1843 972 1902 eumenes
994 1843 1028 1901 in
1053 1841 1142 1903 dorso
1162 1837 1200 1899 rel

196 1935 230 1991 in
251 1931 394 1991 lateribus
416 1930 550 1990 habebit:
572 1933 649 1991 seins
673 1950 741 1990 eum
761 1950 780 1990 a
799 1931 911 2005 morbo,
934 1931 970 1990 de
994 1950 1052 2006 quo
1076 1930 1200 2008 superius
1210 1939 1227 1980 1⁵

197 2022 384 2097 disputatum
406 2022 464 2094 est,
490 2020 587 2079 maleo
609 2023 713 2079 teneri.
758 2018 815 2080 cui
840 2021 948 2080 lotium
970 2021 1088 2095 aliquot
1110 2017 1200 2079 diebus

196 2114 262 2170 tuan
283 2110 437 2169 hominum
461 2129 551 2185 quam
574 2111 702 2168 arietum
724 2129 777 2185 per
805 2127 891 2168 nares
913 2109 1061 2169 infundes.
1108 2110 1148 2169 Et
1167 2107 1201 2164 sio

197 2201 348 2276 potiones,
379 2217 455 2274 quae
476 2198 512 2257 de
535 2200 594 2258 isto
619 2198 723 2259 morbo
747 2216 837 2275 supra
859 2200 989 2274 scriptae
1015 2201 1094 2273 sunt,
1119 2195 1199 2257 dabis.

269 2394 286 2441 b
306 2385 378 2442 Chir.
394 2403 416 2440 o.
434 2391 493 2440 121.
568 2390 601 2439 13
620 2383 807 2439 1111116126.

271 2572 284 2618 1
305 2581 378 2634 quae
391 2581 442 2620 om.
455 2565 533 2632 Pili
549 2563 606 2617 suis
621 2578 671 2617 om.
686 2563 747 2617 FP
761 2564 765 2631 Ι
781 2564 932 2617 tunsumA
945 2565 1053 2630 osraPl
1069 2565 1110 2632 pt.
1126 2557 1201 2633 pars-

198 2637 316 2692 onletim
334 2636 495 2705 frequenter
512 2632 627 2688 offertur
646 2633 779 2703 exignum
796 2636 824 2689 P

270 2714 287 2761 4
310 2707 369 2760 lax-
386 2707 413 2760 A
432 2706 468 2758 de
491 2703 615 2759 febribus
639 2704 757 2758 internis
779 2704 905 2760 inscribit
923 2706 951 2760 P
966 2706 1014 2775 qui
1031 2722 1053 2760 e.
1074 2704 1165 2760 XXX
1182 2705 1202 2755 et

198 2779 313 2833 XXXI
323 2777 466 2845 coniungit
478 2776 513 2841 ef.
525 2794 554 2843 p.
570 2778 716 2846 5117116
732 2792 765 2829 ae
782 2793 802 2829 s.
820 2776 860 2830 ed.
872 2793 916 2844 pr.
931 2779 940 2845 l
956 2781 970 2829 7
984 2774 1201 2831 febricitantibus

198 2851 271 2918 sule.
290 2864 313 2901 s.
327 2847 363 2901 de
381 2845 566 2901 febrientibus
589 2848 617 2902 P
637 2850 644 2915 Ι
668 2847 744 2914 qnod
762 2849 791 2902 P
809 2849 820 2916 ΙΙ
843 2852 876 2901 10
893 2846 1001 2917 priores
1023 2849 1094 2903 ΡΜ
1102 2850 1129 2904 V
1140 2845 1200 2903 ebir.

199 2920 305 2990 primos
324 2919 363 2972 ed.
374 2935 420 2987 pr.
434 2918 496 2972 AP

272 2996 305 3043 12
329 2989 365 3043 de
387 2987 407 3041 f.
427 2988 580 3043 interaneis
605 2989 664 3042 sive
686 2988 704 3042 i.
723 2990 755 3043 F
782 2991 792 3058 ΙΙ
827 2995 860 3044 13
882 2989 975 3044 febres
997 2988 1016 3043 i.
1037 2989 1143 3046 fuerint
1159 2984 1202 3054 Pl

203 3067 236 3115 14
257 3061 379 3115 deterius
398 3061 438 3114 ed.
448 3078 493 3129 pr.
510 3062 515 3128 Ι
530 3059 635 3114 terune.
653 3061 681 3114 A
694 3062 703 3129 ll
718 3065 751 3113 15
771 3062 799 3114 et
817 3063 885 3115 tuno
903 3078 940 3115 so.
955 3062 1001 3130 ΡΙ
1017 3077 1083 3116 enm
1101 3080 1150 3117 ose.
1164 3057 1200 3126 Pl

200 3132 251 3201 qui
269 3131 396 3201 superius
415 3131 575 3201 disputatus
594 3135 638 3186 est
658 3130 777 3185 mallens
795 3134 823 3186 A
841 3133 881 3187 ed.
891 3149 937 3201 pr.
956 3132 1032 3200 quod
1051 3152 1072 3188 s.
1088 3133 1201 3203 disputa

200 3206 262 3257 tum
281 3207 324 3258 est
341 3202 460 3257 melleus
478 3205 509 3259 F
528 3206 538 3273 ll
559 3209 592 3257 16
612 3202 731 3257 detineri
750 3202 789 3256 ed.
800 3220 845 3273 pr.
871 3207 876 3272 Ι
903 3221 928 3259 a.
944 3203 1054 3259 dierum
1072 3207 1111 3260 ed.
1123 3198 1201 3275 ped

201 3274 344 3343 aliquibus
358 3273 456 3328 diebus
471 3276 499 3329 P
515 3274 617 3343 quibus
635 3273 776 3343 aliquibus
792 3274 818 3327 d.
838 3278 905 3330 ante
928 3277 978 3331 eut
993 3275 1095 3330 lotium
1113 3271 1200 3329 1611111-

201 3347 258 3416 Fu
276 3350 309 3398 11
329 3362 413 3415 quam
432 3361 456 3399 a.
471 3363 522 3401 om.
537 3347 565 3400 A
578 3348 587 3414 ΙΙ
603 3351 636 3399 18
655 3345 760 3413 scripte
778 3346 809 3400 F
