2509 3892
184 145 228 208 80
620 141 756 195 vacum

184 312 324 388 diumque
338 313 490 388 iungetur,
509 310 630 370 difficile
645 309 773 369 cubabit.
806 308 872 368 Hac
889 310 1007 368 ratione
1021 308 1208 368 curandum:

183 420 201 460 a
225 401 290 460 cibo
313 403 446 476 potuque
470 399 684 475 temperabitur
707 400 862 475 somnique
884 397 1091 475 indulgebitur
1115 399 1211 475 copia

183 490 323 550 mollibus
353 491 470 563 stratis,
499 492 565 547 tum
587 489 623 546 de
646 489 770 547 matrice
794 489 939 563 quantum
961 488 1041 545 ratio
1066 488 1209 563 postula·

150 581 262 639 tuerit
280 578 401 656 sanguis
420 579 581 653 auferatur,
604 596 658 636 nec
676 576 807 652 potionis
826 595 897 635 cura
916 575 1057 635 cessabit:
1081 569 1210 654 [sucum

182 669 285 742 itaque
303 668 408 727 viridis
427 667 576 726 coriandri
597 666 647 725 vel
665 668 691 726 si
709 666 846 740 debuerit,
867 667 951 741 porri
969 658 1088 743 sectivi]
1110 667 1210 724 trixa-
1234 683 1245 724 ι

183 758 261 834 ginis
284 759 386 833 itaque
406 760 436 814 et
457 759 633 814 centaureae
651 756 802 814 violaceae
825 757 856 812 et
874 755 947 813 nitri
965 753 1070 829 aequis
1089 754 1209 831 ponde·

182 846 265 905 ribus
283 848 414 904 mixtura
436 847 581 922 iungitur.
626 844 673 902 Ex
696 844 804 920 quibus
827 845 923 902 tunsis
947 845 1037 919 atque
1060 843 1208 903 cribratio

183 936 323 994 diurnum
357 935 487 994 cocleare
522 953 557 991 ex
588 934 708 991 hemina
738 952 833 1008 aquae
869 932 988 1009 tepidae
1021 932 1210 992 infundatur

183 1025 327 1083 faucibus.
373 1022 454 1092 Quae
472 1025 555 1098 polio
578 1023 733 1081 humorem
756 1025 787 1080 et
804 1024 979 1099 sanguinem
996 1021 1207 1082 imminentes·

184 1133 242 1189 que
265 1114 340 1172 alios
363 1112 480 1171 morbos
502 1114 614 1188 purgat
637 1114 727 1187 atque
750 1113 845 1170 sanat.
1220 1129 1250 1169 ιι

185 1346 274 1410 LVI.
307 1347 392 1428 Quae
415 1347 576 1429 diligentia
599 1346 774 1411 adhibendo
796 1351 853 1430 est,
881 1351 917 1409 at
938 1345 1096 1410 animalia
1122 1366 1207 1412 sarto

597 1446 774 1526 perdurent.

120 1600 171 1629 cn.
275 1574 421 1634 Obscurus
445 1574 640 1650 difficilesque
663 1592 748 1633 curas
771 1573 869 1650 prima
893 1574 990 1633 fronte
1014 1573 1206 1651 digessimus,

185 1666 398 1739 consequenter
421 1664 459 1722 ad
478 1667 575 1722 cetera
597 1665 761 1741 pergentes.
809 1662 867 1720 Sed
884 1664 1084 1721 necessarium
1109 1663 1206 1722 credi·

184 1771 250 1811 mus
274 1752 426 1813 ostendere
444 1754 585 1826 rationes,
609 1772 644 1811 ex
662 1752 769 1828 quibus
792 1752 981 1810 incolumitas
998 1752 1206 1812 iumentorum
1217 1777 1237 1818 u

185 1844 358 1917 incorrupta
395 1845 536 1901 servetur.
590 1842 699 1900 Melius
732 1843 812 1900 enim
848 1843 894 1899 est
929 1839 1069 1917 diligenti
1102 1842 1204 1901 studio

186 1931 334 1991 custodire
349 1933 508 1990 sanitatem
527 1950 618 2006 quarn
638 1929 875 2007 aegritudinibus
889 1932 1041 2004 praestare
1059 1930 1204 1991 remedia.

152 2020 321 2097 2Diligens
349 2022 450 2095 itaque
478 2020 614 2080 dominus
642 2019 793 2078 stabulum
820 2019 991 2094 frequenter
1016 2018 1150 2078 intrabit
1177 2023 1205 2078 et

185 2111 315 2185 primum
328 2108 413 2167 dabit
426 2129 555 2186 operam,
574 2111 609 2167 ut
622 2111 750 2167 susum
767 2107 932 2183 pontilibus
946 2108 1077 2166 emineat
1089 2109 1204 2184 ipsum·

187 2218 243 2274 que
268 2200 308 2258 sit
329 2218 390 2256 non
413 2218 447 2257 ex
465 2199 605 2257 mollibus
624 2199 725 2275 lignis,
748 2198 826 2256 sicut
843 2197 1014 2272 frequenter
1031 2215 1087 2273 per
1109 2199 1203 2274 impe
1214 2223 1234 2263 ιι

185 2290 288 2347 ritiam
311 2287 359 2346 vel
376 2288 591 2365 negligentiam
613 2289 722 2354 evenit,
745 2285 796 2345 sed
814 2285 928 2345 roboris
951 2286 1066 2345 vivacis
1090 2285 1203 2346 dantia

258 2535 291 2583 19
309 2529 367 2584 Pel.
383 2546 405 2583 c.
422 2535 455 2582 30
474 2548 500 2598 p.
516 2534 560 2596 41,
574 2533 591 2582 4
606 2544 640 2582 ea
654 2527 711 2582 (lol.
726 2526 765 2581 VI
779 2532 821 2593 30,
836 2532 860 2579 2.

259 2749 272 2795 1
289 2742 315 2796 d
331 2759 385 2810 que
395 2743 435 2795 ed
442 2760 486 2810 pr
504 2740 832 2807 leubabitPcurabitur
844 2739 917 2810 culp
932 2738 1200 2810 sciactabitObir.)
1196 2740 1249 2882 l,

187 2812 342 2866 sanandum
356 2814 418 2866 Fe
429 2815 473 2867 est
482 2814 510 2867 P
520 2814 530 2881 ΙΙ
545 2818 694 2881 tsomnoq
705 2814 783 2882 APl
800 2811 910 2880 copiam
919 2811 980 2866 ΕΑ
994 2812 1003 2880 ΙΙ
1018 2816 1034 2864 3
1049 2812 1085 2865 de
1095 2812 1202 2866 cervice

188 2885 260 2939 cuir.
275 2884 315 2951 114
333 2883 496 2952 potionibus
515 2900 581 2937 cura
596 2887 686 2938 cesset
704 2885 751 2953 ΡΗ
766 2890 790 2949 4
805 2888 821 2936 t
840 2899 908 2937 acc
925 2886 960 2937 54
972 2883 1046 2949 falso
1063 2885 1181 2952 repetito
1192 2883 1202 2954 ll

187 2954 379 3025 btraxaginis
398 2955 495 3009 AFP
518 2957 527 3024 ΙΙ
550 2961 566 3008 6
586 2971 697 3024 quoque
716 2956 755 3009 ed
766 2972 811 3024 pr.
830 2954 848 3009 i
864 2956 893 3008 ct
911 2970 961 3008 om
977 2955 1005 3008 P
1032 2957 1037 3023 Ι
1066 2953 1201 3008 violer-iae

186 3026 249 3080 FP
266 3029 270 3094 Ι
291 3026 374 3094 aequi
392 3026 524 3095 ponderis
542 3028 581 3081 ed.
593 3045 638 3095 pr.
661 3028 671 3095 ΙΙ
694 3031 709 3079 7
728 3024 843 3080 mixta
834 3042 852 3080 1.
867 3026 899 3080 F
914 3025 1037 3079 mixtura
1055 3025 1202 3096 inungitur

187 3097 227 3151 ed
238 3114 284 3166 pr.
299 3099 327 3151 P
343 3100 388 3167 (m.
404 3097 556 3168 iungatur)
583 3098 723 3167 impetura
741 3097 857 3179 ungitur
870 3096 898 3149 A
914 3099 918 3164 Ι
934 3096 1024 3150 tonsis
1038 3099 1067 3151 A
1080 3098 1120 3166 118
1140 3096 1201 3179 diu·

187 3170 302 3222 turnum
320 3170 381 3224 ΑΡ
401 3172 410 3238 ΙΙ
434 3175 449 3221 9
468 3169 597 3223 humores
616 3171 657 3223 ed.
668 3186 712 3237 pr.
739 3174 743 3237 Ι
768 3167 785 3220 i
801 3170 831 3222 et
848 3166 919 3220 alios
938 3185 974 3222 m
989 3169 1018 3222 P
1033 3182 1198 3222 minuendi

188 3237 258 3293 alios
277 3258 312 3293 m.
328 3240 406 3294 Sabo.
422 3241 468 3294 sed
486 3242 520 3306 cf.
537 3241 609 3295 Obir
624 3242 634 3309 ΙΙ
649 3244 682 3293 10
700 3258 727 3308 p
742 3238 874 3307 prohibet
891 3240 959 3292 ets.
975 3238 1014 3293 ed
1025 3257 1071 3308 pr

260 3316 292 3364 13
312 3327 336 3364 o
356 3313 385 3365 et
403 3310 587 3380 difficilesque
605 3313 645 3365 sic
664 3312 691 3364 A
713 3312 722 3379 ΙΙ
745 3316 778 3363 14
797 3325 945 3380 pergemus
963 3311 1012 3379 ΡΙΙ
1028 3315 1061 3364 16
1079 3326 1146 3365 nam
1163 3327 1198 3363 m.

189 3383 224 3436 M
242 3397 308 3435 nam
325 3400 362 3435 m
382 3382 457 3436 enim
475 3383 505 3436 F
524 3385 533 3452 ΙΙ
557 3387 589 3434 l'l
610 3380 822 3451 aegrotantibus
841 3383 869 3435 P
889 3383 898 3452 ll
923 3386 954 3435 19
974 3383 1006 3434 ut
1025 3398 1090 3434 cum
1108 3383 1197 3435 atr...

187 3452 281 3522 ipsum
300 3452 337 3507 sit
355 3455 383 3507 P
406 3456 416 3523 ΙΙ
440 3458 472 3506 19
492 3454 596 3507 etratus
614 3452 731 3521 pontilis
750 3452 789 3505 ed
800 3470 844 3521 pr.
865 3454 984 3507 stratum
1001 3452 1124 3521 pontiles
1142 3422 1248 3508 AP

188 3525 308 3578 stratum
325 3524 405 3593 ponti
423 3524 567 3578 hcmineat
584 3524 615 3578 F
625 3527 635 3592 ΙΙ
649 3528 681 3576 21
700 3522 790 3576 vivaci
808 3523 870 3577 FA
1247 3563 1248 3566 ,
