2509 3892
420 152 702 208 MVLOMEDICINA

320 425 556 499 CAPITULA
586 426 718 500 LIBRI
744 427 808 501 ΙΠ.

83 589 98 643 1
122 585 167 644 De
190 608 315 648 numero
337 590 368 648 et
390 590 539 666 positione
595 592 635 650 19
661 588 843 667 Compositio
866 593 1047 650 traumatiei.

123 679 243 736 ossium.
594 690 637 748 20
662 687 845 765 Compositio
906 690 1073 767 malagmae

82 765 100 821 2
122 764 167 824 ΒΘ
188 769 334 827 mensuris
357 786 538 844 numeroque
659 777 808 837 besilioae.

121 855 329 915 membrorum
594 868 634 926 21
661 864 844 943 Compositio
904 866 1073 944 malagmae

81 942 98 999 3
121 943 168 1002 De
191 964 313 1004 numero
337 948 368 1004 et
392 946 538 1022 qualitate
659 964 727 1023 alja,

122 1052 290 1094 nervorum·
594 1055 634 1111 22
661 1052 843 1129 Compositio
874 1055 973 1130 prima
1002 1073 1073 1113 ana·

81 1121 100 1176 4
123 1121 170 1181 De
193 1124 340 1199 qualitate
362 1143 514 1182 venenum.
660 1143 833 1202 oollematis.

83 1208 100 1266 5
122 1210 169 1270 De
190 1213 310 1271 indiciis
334 1215 450 1272 aetatis.

83 1297 100 1355 6
123 1299 170 1359 ΒΘ
192 1303 286 1380 signis
306 1301 413 1378 quibus
432 1321 539 1379 agnos·

125 1391 202 1449 eitun
223 1392 332 1468 patria.

84 1477 100 1533 7
123 1477 169 1538 De
190 1481 374 1556 temporibus
397 1481 487 1540 vitae.

593 1241 634 1299 23
660 1238 843 1317 Compositio
906 1243 1073 1320 malagmae

660 1329 776 1388 crudae.

593 1419 635 1476 24
661 1417 844 1496 Compositio
856 1420 1023 1497 malagmae
1034 1419 1073 1477 ad

658 1508 794 1585 uligines

84 1563 102 1622 8
125 1566 168 1627 De
186 1570 308 1645 potione
327 1569 366 1628 ed
379 1568 538 1628 reficienda
593 1597 634 1655 25
657 1596 810 1674 Malagma
829 1596 867 1656 ad
888 1617 1002 1658 nervos,

124 1656 264 1717 imma·
593 1695 633 1752 26
660 1693 841 1772 Compositio
891 1694 1071 1755 traumatiei.

65 1743 104 1891 lg
124 1745 172 1894 ᾗ
192 1749 300 1807 l¹¹⁵⁸1111
322 1750 353 1806 ⁰i
375 1748 482 1808 V¹¹¹⁸⁰⁸·
525 1837 537 1894 l
592 1794 633 1852 27
659 1792 841 1870 Compositio
871 1795 1072 1870 eollyuomm.

206 1854 305 1896 COSSOS
341 1854 454 1896 vermes
488 1857 525 1896 VC

124 1925 225 1985 tinea&
593 1891 634 1948 28
660 1889 851 1968 Cephalieum
879 1893 1072 1969 emplastrum

66 2009 101 2067 11
123 2012 272 2073 Adversus
301 2015 402 2075 omnia
428 2034 537 2093 genera
659 1980 697 2039 ed
720 1982 883 2090 plaudenda
905 1983 1038 2042 vulnera.

124 2103 300 2162 morborum.
657 2078 907 2139 Medieementum
951 2098 1072 2139 consue-

66 2188 102 2245 12
125 2188 306 2268 Compositio
354 2192 537 2252 suffimento-
658 2169 731 2225 tum·
846 2257 853 2269 ³

124 2299 189 2339 mm
211 2282 363 2341 salutaris,
660 2254 768 2316 Chlore
776 2257 1024 2316 momenmentum
1034 2258 1072 2316 ad

66 2367 102 2424 13
126 2367 306 2447 Compositio
320 2371 452 2447 pulveris
464 2390 536 2447 qua·
658 2346 784 2404 Wlfleffl
806 2345 999 2421 limpidfflldfl·

125 2457 257 2538 dfigarfi,
657 2441 703 2500 De
712 2442 952 2520 tetrapharmaco
962 2442 1071 2502 aduul-

67 2545 103 2602 14
126 2546 307 2626 Compositio
331 2550 464 2608 eaustioi.
658 2550 730 2589 nera
753 2530 926 2590 diffidenda·

67 2635 103 2691 15
127 2635 278 2697 Confectio
301 2638 477 2715 malagmae.
658 2627 786 2688 Clieium
806 2629 844 2688 ad
863 2630 990 2691 vulnere
1011 2649 1072 2691 ser·

68 2723 103 2780 16
126 2724 306 2803 Compositio
321 2726 439 2802 collyrii
454 2726 537 2786 fistu-
659 2718 730 2777 dida
753 2721 783 2779 et
806 2738 953 2780 canorese.

125 2814 202 2875 laris.
658 2817 703 2877 De
733 2819 875 2877 ossoolani
904 2819 942 2877 ad
972 2821 1072 2878 omnia

69 2902 104 2958 17
127 2902 307 2981 Compositio
370 2906 538 2983 melagmae
659 2908 794 2967 ossicula.

126 2995 241 3054 crudae.
658 2995 703 3054 De
726 2997 856 3073 styptieo
880 2996 919 3055 ad
948 2998 1072 3056 vulnera

72 3078 105 3136 13
126 3080 307 3160 Compositio
349 3083 536 3159 syncrismae.
658 3084 804 3144 humecta.

70 3222 269 3238 Q—

130 3328 144 3375 2
162 3338 278 3378 numero
298 3326 328 3378 et
341 3323 480 3392 qualitate
497 3342 533 3377 m.
549 3327 576 3379 A
590 3327 629 3395 1Ιὸ
650 3325 685 3381 de
699 3325 812 3380 indiciis
831 3328 860 3380 et
874 3327 968 3381 aetate
987 3341 1072 3393 equo-

72 3405 121 3446 rum
136 3398 163 3450 A
185 3397 195 3464 ΙΙ
218 3400 234 3448 8
253 3395 332 3465 potio
351 3397 379 3449 A
397 3394 526 3464 potiones
544 3396 573 3449 P
594 3397 598 3468 Ι
623 3413 707 3451 omae
725 3397 769 3451 vel
788 3413 890 3451 causae
909 3397 1071 3464 dyapenton

72 3463 122 3518 adl,
135 3469 163 3522 P
174 3469 184 3538 ΙΙ
199 3472 232 3520 12
246 3484 297 3521 om.
308 3466 337 3519 P
346 3468 357 3536 ΙΙ
371 3471 405 3519 13
420 3466 557 3521 confectio
567 3469 594 3521 A
608 3471 618 3537 ΙΙ
633 3472 666 3521 15
680 3466 845 3536 compositio
860 3468 920 3521 ΑΡ
931 3469 940 3533 ΙΙ
955 3470 988 3518 28
1003 3481 1072 3532 quae

71 3545 207 3605 sequuntur
225 3539 351 3606 capitula
368 3538 448 3592 habet
465 3539 524 3593 sola
542 3539 581 3593 ed.
593 3555 638 3607 pr.
