2509 3892
460 152 502 209 De
521 151 694 211 auctoribus.
997 150 1087 204 XXIX

54 322 151 382 Idem
174 321 256 380 cadit
277 324 311 380 in
334 322 433 381 locum
462 340 520 397 quo
551 319 653 381 Celsus
680 322 864 380 nominatur:
892 340 963 380 nam
989 322 1087 380 totum

55 412 129 471 fere
151 411 263 469 librum
285 409 330 469 Ν
352 429 462 487 purum
483 420 591 486 putum
615 427 677 469 esse
696 408 893 469 Columellam
914 429 984 469 mox
1005 409 1086 469 vide·

54 500 178 574 bimus,
197 519 233 558 ex
252 517 311 576 quo
330 500 487 578 aVegetio
507 502 724 575 sumptumst
741 517 848 558 nomen
861 498 918 558 hoe
935 517 994 557 uno
1012 499 1087 573 loeo,

56 590 134 649 aliis
149 591 252 664 potuit
264 590 357 648 sumi:
380 588 453 667 Veg.
469 591 499 661 4,
515 589 566 662 15,
581 590 601 646 4
616 613 659 636 =
675 586 736 647 Col.
753 589 782 661 6,
798 589 848 663 14,
864 588 892 646 6.
933 590 1087 665 praeterea

57 677 128 741 Col.
141 679 173 752 6,
188 680 217 751 5,
232 678 250 736 5
263 677 390 756 =Veg.
401 679 431 753 4,
447 679 476 753 3,
492 679 542 735 14.
585 676 646 736 Col.
662 678 691 750 6,
707 679 758 751 12,
774 675 929 754 5--Veg.
941 678 971 750 4,
991 678 1041 752 10,
1057 678 1087 735 3.

57 768 166 844 Igitur
184 766 345 844 Vegetium
362 769 458 827 seeuti
481 784 554 842 quos
572 765 605 823 in
622 766 809 843 praefatione
827 764 931 825 laudat
953 768 1087 825 auctores

57 859 240 929 metemus,
262 857 307 914 ita
325 858 360 914 ut
378 856 562 915 enucleemus
581 854 655 930 quid
672 854 815 932 Vegetius
837 853 870 913 in
893 871 979 912 suum
1001 872 1088 912 usum

57 944 250 1005 converterit
272 946 303 1003 et
326 943 472 1020 quomodo
499 962 587 1002 curve
613 944 663 1003 vel
684 944 847 1003 mutaverit
873 943 928 1002 sels
944 944 1086 1002 omiserit.

133 1033 182 1093 De
205 1032 407 1093 Columella
430 1034 524 1110 igitur
546 1032 691 1109 Vegetius
713 1033 806 1109 praef.
825 1030 845 1107 ξ
866 1033 950 1091 2-3
974 1031 1088 1090 iudieat

57 1141 156 1183 moras
182 1123 359 1182 memmium
377 1123 433 1182 leui
455 1122 651 1182 admonitione
666 1124 848 1195 perstrinxit.
885 1124 915 1181 et
932 1123 1012 1180 reete
1035 1121 1087 1179 ille

59 1212 205 1288 quidem:
228 1230 299 1270 111111
320 1213 400 1270 inter
418 1209 599 1270 Columellas
622 1210 659 1269 de
676 1229 708 1270 re
726 1213 839 1270 rustica
861 1210 953 1269 libros
974 1209 1033 1268 XII
1051 1209 1087 1269 de

58 1299 182 1377 pecude
210 1302 311 1378 agitur
338 1300 402 1359 solo
428 1299 479 1358 lib.
499 1298 543 1357 VI
566 1318 659 1374 eoque
687 1299 723 1359 de
747 1298 1087 1374 11111111.1-26,(11

62 1409 180 1468 genere
199 1390 307 1465 equino
327 1407 350 1448 1.
367 1389 507 1462 27-35,
526 1388 562 1446 de
576 1389 668 1448 mulis
688 1408 712 1449 e.
728 1389 868 1448 36-38.
908 1387 1013 1448 Potuit
1030 1389 1087 1465 igi·

60 1483 119 1538 tur
143 1478 181 1537 ab
213 1497 246 1536 eo
277 1478 330 1554 qui
357 1480 439 1537 totus
468 1478 501 1535 in
524 1480 589 1536 arte
618 1477 847 1537 mulomediuina
877 1477 1088 1537 conscribenda

62 1566 248 1626 versabatur
265 1586 325 1625 non
343 1568 402 1626 nisi
421 1567 549 1626 strictim
569 1568 693 1645 attingi:
715 1585 810 1643 neque
829 1567 891 1626 ullo
909 1567 974 1628 loeo
992 1566 1087 1645 Vege-

62 1658 133 1716 11111
157 1657 337 1715 nominatim
357 1654 553 1715 Columellam
572 1656 667 1714 affert
707 1657 751 1715 At
770 1660 871 1715 tamen
889 1656 969 1716 haud
990 1675 1088 1731 pausa

63 1746 208 1821 capitula
235 1744 354 1822 integra
381 1763 417 1804 ex
440 1743 605 1804 Columella
628 1747 757 1821 sumpsit
782 1747 815 1804 in
837 1744 914 1804 libro
936 1745 987 1803 IV.
1026 1744 1088 1805 Sei·

62 1853 135 1894 mus
161 1852 197 1892 ex
219 1834 406 1909 praefatione
428 1834 517 1893 huius
535 1833 605 1892 libri
628 1852 648 1892 a
665 1833 790 1913 Vegetio
814 1835 924 1893 amieos
946 1834 1088 1911 impetra-

62 1925 148 1983 visse
172 1926 208 1981 ut
237 1924 397 1999 postquam
426 1922 522 1982 tribus
549 1922 635 1982 libris
663 1923 699 1983 de
725 1922 837 1983 morbis
866 1925 1003 1998 aurisque
1026 1924 1089 2000 egit

63 2004 248 2092 equorum¹)
273 2014 364 2071 etiam
392 2013 532 2087 quartum
560 2011 682 2071 adderet
705 2012 815 2071 librum
838 2011 875 2071 de
898 2014 975 2071 11111
998 2012 1088 2072 boum

64 2102 167 2176 deque
190 2103 319 2160 sanitate
346 2100 437 2160 boum
460 2100 617 2160 servanda:
646 2101 747 2161 cedens
768 2104 866 2175 ltaque
880 2146 887 2160 .
903 2147 910 2159 .
924 2147 931 2159 .
945 2102 1088 2162 voluutatr'

64 2207 105 2251 eu
127 2191 253 2250 diuersis
276 2191 442 2250 ouetertbus
461 2190 610 2250 euueteotu
635 2190 735 2266 eolleyt
752 2191 936 2265 pedestrique
957 2208 1088 2251 sermone

64 2283 103 2339 iu
125 2279 257 2339 libellum
275 2279 382 2341 amau
401 2281 431 2336 et
450 2298 478 2354 q.
496 2297 519 2337 s.
561 2278 702 2355 Sequitur
719 2280 811 2339 boum
829 2280 1006 2339 effusissima
1022 2279 1087 2338 lau·

66 2369 157 2427 datio
176 2367 213 2426 ab
236 2368 432 2444 epitomatore
452 2360 573 2448 (PMV)
593 2370 710 2428 omissa.
756 2368 872 2444 inqua
894 2386 970 2443 quae
989 2371 1033 2427 ait
1052 2368 1088 2428 de

66 2458 195 2516 Iustitia
219 2448 253 2538 (ξ
275 2458 307 2516 6:
335 2457 486 2534 Iustitiam
507 2459 703 2517 immentorum
725 2458 811 2517 caede
839 2457 980 2516 uiolatam
1009 2457 1088 2517 dere·

67 2548 148 2605 ttetis
171 2548 257 2605 terris
276 2546 462 2605 adsiderem
479 2563 621 2605 remeasse
639 2537 829 2625 consortium)
851 2545 970 2605 videtur
988 2563 1087 2623 sump-

68 2636 145 2694 sisse
176 2654 211 2694 ex
233 2634 367 2712 Vergilio
397 2626 509 2714 (georg.
530 2627 659 2715 1473)
683 2653 772 2710 quem
798 2639 833 2695 ut
859 2633 1023 2694 Columella
1045 2637 1087 2695 sie

68 2725 165 2783 etiam
182 2723 326 2801 Vegetius
349 2725 432 2783 amat
450 2725 551 2784 uitare.
598 2722 741 2799 Sequitur
758 2743 838 2784 more
856 2724 965 2802 Vegeti
987 2725 1087 2802 dispo-

69 2813 143 2873 sitio
169 2812 292 2889 duplex:
315 2814 445 2888 pn'mum
464 2813 610 2888 quomodo
635 2814 748 2874 sanitas
769 2815 969 2872 iumentorum
991 2833 1088 2874 serve·

68 2906 121 2961 tur
141 2893 231 2982 (1.1)
251 2900 356 2961 deinde
373 2901 522 2977 quomodo
540 2902 637 2961 morbi
655 2904 776 2980 agnosci
794 2905 953 2979 sanarique
971 2905 1088 2979 possint

71 2984 109 3072 (1.
130 2982 229 3072 2sq.).
275 2990 320 3049 De
342 2991 395 3049 illo
413 2992 511 3067 primo
535 2992 633 3067 eapite
651 2993 800 3051 nonlicet
819 2995 934 3051 eertum
957 2995 1088 3052 statuere

70 3084 239 3140 auctorem:
268 3079 363 3139 multa
387 3082 479 3153 enim,
508 3082 543 3138 ut
565 3080 614 3154 fit,
636 3081 700 3156 ipse
729 3084 866 3156 expertus
889 3081 1004 3157 prodit,
1027 3082 1087 3141 alia

72 3189 106 3228 ex
129 3170 298 3247 praeceptis
324 3168 360 3228 de
384 3170 467 3244 equis
490 3167 568 3228 datis
592 3171 703 3244 repetit
727 3162 771 3250 (1,
791 3161 846 3249 56)
876 3171 937 3229 alia
960 3170 1087 3246 denique

145 3396 170 3462 1)
190 3392 251 3446 Aut
262 3392 338 3446 enim
350 3392 392 3445 ait
405 3408 488 3461 equus
502 3392 552 3445 aut
565 3393 715 3447 iumentum
728 3391 773 3446 vel
787 3394 906 3446 uuimul:
919 3391 985 3445 bino
999 3391 1087 3444 oritur

74 3462 404 3593 ilqofiargmneqntrgodieibus
429 3463 551 3517 varietas
579 3462 662 3517 modo
685 3477 786 3533 genere
813 3462 906 3530 posito
930 3461 1085 3514 masculino
