2509 3892
405 157 488 220 10
1282 153 1552 208 VEGETI

529 323 1028 382 Medicamentum
1050 322 1127 381 ad
1155 323 1358 382 omnia

528 413 779 471 vulnera
823 411 1166 471 claudenda.

529 501 1009 576 Implectoricum
1069 500 1145 560 ad
1209 519 1358 560 cava

529 590 874 667 supplenda.

529 678 626 737 Ad
698 679 1004 739 oculorum
1074 679 1356 756 rupturas

530 771 591 827 et
636 769 1032 847 glaucomata.

528 857 619 915 De
667 857 994 933 syncrisma
1038 856 1219 916 aliud.

526 947 618 1004 De
663 945 952 1023 lippariis.

529 1035 894 1095 Traumatici
977 1034 1355 1111 compositio-

526 1143 629 1184 nes
676 1125 879 1184 variae
927 1124 1003 1183 ad
1048 1123 1234 1184 varia.

1602 321 1865 382 Caustici
1970 320 2402 398 compositiones

1601 411 1756 470 aliae
1803 410 1880 469 ad
1927 411 2176 470 diversa.

1597 500 1690 559 De
1743 500 2124 579 malagmatis
2188 498 2404 576 quibus-

1599 589 1753 647 dam.

1599 679 2009 755 Emplastrum
2054 677 2360 754 quoddam,

1597 767 1688 827 De
1735 770 1955 827 ceroto.

1596 857 1953 916 Fomentum
2025 856 2103 915 ad
2165 858 2403 916 tumores

1595 946 1692 1005 vel
1743 945 2075 1022 quamlibet
2124 944 2403 1003 duritiam.

1598 1033 1773 1093 Potio
1818 1034 2112 1094 hiemalis,

1596 1122 1772 1183 Potio
1820 1122 2141 1183 aestivalis,

929 1422 1404 1496 CAPITULA
1458 1422 1720 1495 LIBRI
1774 1422 1895 1495 IV.

442 1591 474 1645 1
527 1585 683 1646 Cura
729 1589 790 1645 et
829 1586 1122 1645 medicina
1156 1587 1353 1645 boum.

439 1679 476 1735 2
526 1677 836 1752 Expositio
883 1674 1075 1735 morbi
1119 1675 1316 1733 malei.

439 1767 477 1824 3
529 1764 714 1843 Signa
758 1763 952 1823 morbi
995 1763 1190 1822 malci.

437 1855 477 1912 4
527 1852 716 1913 Curae
761 1852 954 1912 morbi
997 1852 1160 1911 mali.

438 1944 475 2002 5
523 1942 615 2000 De
662 1942 1011 2020 stagnandis
1055 1941 1264 2000 bubus.

438 2035 474 2092 6
527 2031 745 2090 Garum
789 2031 984 2090 boum.

439 2124 475 2180 7
523 2120 621 2179 Ad
667 2120 992 2179 fastidium.

435 2211 473 2269 8
525 2209 934 2270 catharticum
977 2209 1173 2267 boum.

438 2301 474 2359 9
522 2299 618 2358 Ad
664 2299 900 2358 interna
947 2297 1222 2358 curanda.

392 2392 474 2450 10
521 2389 617 2448 Ad
662 2390 950 2449 tortiones
994 2389 1190 2448 boum.

392 2481 470 2538 11
523 2478 709 2557 Signa
752 2478 945 2538 morbi
988 2477 1235 2536 humidi.

253 2567 265 2579 ’
392 2571 471 2626 12
523 2567 708 2647 Signa
752 2568 944 2627 morbi
991 2568 1146 2625 sicci.

391 2658 472 2716 13
523 2655 708 2734 Signa
753 2656 946 2715 morbi
992 2655 1345 2713 articularis.

391 2746 473 2803 14
523 2743 709 2822 Signa
751 2743 945 2802 morbi
998 2742 1344 2801 subrenalis.

391 2834 471 2892 15
523 2831 708 2910 Signa
743 2831 935 2890 morbi
962 2831 1346 2890 farciminosi.

391 2922 470 2980 16
522 2920 707 2999 Signa
745 2920 937 2979 morbi
978 2919 1344 2979 subcutanei.

391 3013 423 3068 1
436 3013 471 3069 7
522 3009 708 3089 Signa
793 3008 986 3068 morbi
1066 3009 1345 3085 elephan-

525 3100 704 3159 11111113.

1467 1586 1547 1644 18
1599 1584 1786 1645 Curae
1830 1586 2189 1644 morborum.

1467 1677 1545 1734 19
1593 1674 1684 1732 De
1728 1675 1924 1733 bubus
1969 1673 2321 1734 radicandiS.

1464 1766 1549 1823 20
1594 1763 1685 1823 De
1731 1763 2103 1823 suffimentis.

1464 1855 1543 1912 21
1594 1853 1942 1912 Remedium
1970 1852 2048 1912 ad
2065 1852 2399 1912 cruditatem

1594 1942 1693 2001 vel
1736 1941 2062 2001 fastidium.

1462 2032 1543 2089 22
1592 2031 1792 2091 Facile
1839 2030 2018 2090 aliud.

1463 2121 1543 2178 23
1591 2119 1681 2179 De
1703 2120 2069 2179 detractione
2097 2113 2395 2198 sanguinis.

1463 2210 1547 2266 24
1593 2208 1684 2268 De
1732 2209 2025 2285 qualitate
2071 2207 2309 2268 ventris,

1459 2297 1542 2355 25
1589 2297 1680 2357 De
1759 2299 1922 2358 ranis
2004 2317 2160 2374 quae
2231 2293 2396 2356 bubus

1590 2389 1931 2447 nascuntur.

1460 2477 1541 2534 26
1590 2476 1680 2534 De
1727 2476 1892 2535 febre
1935 2475 2133 2534 boum.

1460 2566 1541 2623 27
1589 2565 1687 2624 Ad
1730 2566 1945 2624 tussim
1987 2564 2186 2625 boum.

1459 2655 1541 2712 28
1573 2654 1680 2712 ·De
1728 2655 2050 2756 apostema

1458 2745 1538 2804 29
1586 2743 1678 2802 De
1768 2743 2075 2821 sanguinis
2164 2740 2391 2803 clodica-
2475 2770 2477 2775 ν

1586 2833 1767 2891 tione.

1458 2922 1541 2980 30
1587 2920 1685 2979 Ad
1728 2923 2021 2981 tumorem
2069 2937 2334 3000 genuum·

1456 3010 1536 3068 31
1586 3009 1683 3068 Ad
1728 3010 2002 3070 scabiem.
2260 3054 2265 3059 .

1456 3100 1537 3158 32
1584 3099 1675 3158 De
1722 3102 1953 3158 tumore
1997 3100 2206 3176 palati.

537 3348 553 3376 1.
601 3322 844 3392 eapitula
869 3327 1002 3376 sunt
1026 3324 1090 3376 in
1117 3322 1188 3387 L,
1217 3323 1377 3377 nulla
1404 3323 1467 3376 in
1485 3323 1551 3376 P
1606 3321 1690 3374 De
1717 3321 1928 3375 morbis
1955 3322 2127 3376 boum
2154 3323 2211 3376 et
2227 3315 2383 3394 prim⁰

389 3396 521 3448 den
525 3396 666 3448 111131)
703 3399 817 3448 cett.
847 3392 999 3447 codd.
1031 3395 1128 3461 qai
1163 3399 1457 3449 numerant
1492 3399 1756 3461 tanquam
1792 3409 1911 3461 cap.
1941 3394 1984 3447 I
2012 3394 2144 3449 libri
2177 3390 2304 3456 III;
2332 3382 2383 3436 θ’θ’

385 3476 621 3532 1,11111111.“1.111ι
657 3465 840 3532 capita
877 3463 946 3517 de
985 3462 1333 3519 observanda
1368 3464 1539 3519 boum
1574 3463 1844 3531 sanitate,
1888 3463 1958 3517 de
1994 3464 2203 3518 morbis
2239 3463 2384 3518 boum

389 3540 444 3588 *at
481 3540 658 3604 primo
697 3536 767 3589 de
803 3533 1003 3601 male0‚
1043 3534 1114 3590 dc
1152 3535 1449 3601 cruditate,
1489 3534 1559 3588 de
1595 3533 1750 3588 febre
1787 3535 2083 3605 distinquit
2118 3536 2198 3591 ed.
2218 3551 2301 3604 pr-
