2509 3892
604 108 740 162 VEGETI

405 360 488 425 XII.
514 359 600 426 Oura
622 361 723 426 morbi
744 360 932 431 sudcuiccci

230 489 435 550 Subcutuneus
458 490 591 564 morbus,
614 491 664 549 cui
685 491 793 549 humor
815 491 940 566 pestifer
962 493 1042 550 inter
1063 492 1191 550 corium

163 583 194 639 et
216 582 330 639 viscere
355 582 526 647 commorat,
550 580 606 638 hec
630 580 747 638 ratione
771 580 924 639 curandus.
942 582 995 639 est.
1032 581 1189 638 Fistulem

164 671 425 745 quinqueremem,
459 669 539 727 inter
568 686 666 728 armos
702 670 764 727 eius
795 670 825 726 et
849 672 985 727 ventrem
1013 670 1079 728 loco
1117 688 1190 727 con·

162 761 248 818 sueto
271 759 310 817 ad
333 775 502 816 mensuram
528 758 623 816 incise
647 759 713 816 cute
742 757 790 815 die
818 776 920 816 sereno
944 761 974 817 et
997 758 1022 817 si
1046 760 1188 833 spatium
1211 776 1222 815 ε

163 851 221 923 est,
244 849 317 908 lune
345 849 509 921 minuente,
533 846 624 921 indis,
648 850 682 905 ut
704 865 768 906 mos
791 849 849 920 est,
878 866 932 923 per
962 866 1053 922 quem
1084 848 1189 906 omnis

162 938 323 997 visceribus
337 937 443 995 humor
459 935 602 1010 educitur,
617 936 724 995 coloris
744 935 827 994 eurei
840 936 888 995 vel
903 939 1006 1010 crocei,
1025 936 1189 1012 languoris

128 1027 232 1088 2tebe
256 1029 420 1101 corruptus.
466 1023 547 1094 Quae
571 1027 596 1083 si
623 1027 722 1083 minus
751 1026 890 1099 traxerit,
917 1026 1050 1083 redicem
1072 1025 1189 1083 herbae

162 1115 328 1192 tithymalli
350 1117 383 1173 in
405 1114 508 1173 eodem
529 1115 652 1173 vulnere
678 1116 789 1172 inseres
819 1118 932 1189 septem
955 1113 1074 1188 diebus,
1109 1132 1189 1189 quae

114 1250 117 1255 Δ
161 1204 313 1264 residuum
345 1206 427 1262 virus
462 1203 575 1262 educet.
621 1203 678 1261 nst
711 1206 742 1261 et
776 1202 859 1261 uliud
892 1203 1070 1261 remedium:
1106 1202 1218 1260 radi-u

163 1293 269 1368 culam,
293 1312 383 1368 quarn
406 1292 528 1368 quidem
551 1292 756 1369 consiliginem
785 1294 895 1350 vocant
918 1291 1041 1367 quidem
1064 1293 1188 1367 pulmo·

162 1400 298 1455 neceam,
326 1401 386 1458 que
407 1382 598 1440 mulomedici
620 1382 791 1457 frequenter
819 1375 864 1459 [et
885 1378 1020 1456 bubulci]
1045 1383 1186 1453 utuntur,

162 1474 195 1530 in
227 1473 345 1546 pectore
378 1472 516 1529 animulis
549 1472 605 1528 hac
637 1469 824 1547 aegritudine
859 1469 1024 1528 loborantis
1058 1473 1186 1529 eatenus

128 1564 262 1636 3poneS,
287 1562 322 1618 ut
344 1562 432 1619 acuto
456 1562 579 1635 cyprino
603 1559 726 1618 circinos
748 1559 856 1619 locum.
897 1559 1094 1618 Postmodum
1119 1578 1184 1635 pcr-

163 1651 261 1708 forato
291 1651 371 1708 corio
398 1648 565 1707 radiculam
590 1650 717 1722 inseres,
749 1666 824 1723 quse
851 1647 962 1706 ibidem
990 1651 1100 1723 sponte
1133 1661 1215 1705 suen

162 1738 277 1797 tamdiu
300 1737 493 1815 permanebit,
517 1755 671 1814 quousque
694 1736 780 1810 cutis,
804 1740 949 1811 quatenus
973 1755 1066 1813 cypro
1091 1736 1184 1796 fuerit

234 1914 249 1962 3
269 1907 511 1978 cf.Veg.14e‚e.
531 1907 556 1960 Π
571 1877 617 1974 seg
628 1913 653 1962 4.
710 1912 743 1960 ιο
762 1906 820 1960 Pel.
836 1923 858 1961 c.
874 1911 917 1971 ιι,
933 1910 985 1960 nos
1005 1905 1040 1960 ef.
1056 1906 1131 1977 νος.
1146 1902 1183 1957 IV

162 1978 477 2051 commum

234 2146 249 2193 2
268 2158 305 2193 m.
321 2142 364 2194 est
376 2141 404 2194 A
420 2141 425 2208 1
441 2156 505 2192 cum
523 2139 563 2193 ed.
574 2155 619 2208 pr.
637 2138 642 2205 1
657 2137 732 2191 intra
746 2138 786 2191 cd.
799 2154 843 2205 pr.
860 2137 865 2208 1
881 2137 899 2191 i.
915 2138 1009 2191 cutem
1023 2140 1052 2192 et
1067 2152 1181 2193 carnem

161 2211 206 2265 vel
224 2212 331 2265 viscere
349 2212 409 2266 FA
428 2212 488 2279 (om.
509 2211 612 2278 cutem)
633 2211 642 2277 11
663 2214 679 2262 3
699 2212 853 2263 commoret
870 2208 905 2263 S.-
923 2212 1064 2263 commeat
1083 2210 1126 2265 cd.
1138 2224 1180 2276 pr.

163 2282 332 2338 commineet
341 2283 369 2337 A
381 2283 458 2335 meet
471 2283 499 2336 P
511 2282 621 2335 comect
635 2280 671 2334 el.
687 2282 816 2334 emovect
825 2280 856 2334 F
869 2280 873 2350 1
890 2279 1014 2334 fistulam
1028 2280 1181 2352 plungenc-

161 2356 234 2409 riom
247 2354 321 2409 inter
334 2370 359 2407 e.
374 2354 401 2410 S.
428 2352 553 2406 fistulam
567 2352 602 2407 el.
618 2350 664 2406 fec
677 2351 844 2405 incisionem
861 2350 938 2404 intus
955 2367 980 2406 e.
996 2368 1019 2406 e.
1035 2355 1064 2407 et
1078 2370 1105 2406 ι.
1120 2351 1178 2404 loco

162 2429 295 2481 consueto
310 2424 508 2496 desgenerium
521 2424 595 2478 inter
609 2439 633 2477 e.
650 2439 672 2477 e.
688 2425 717 2477 ct
730 2440 755 2475 v.
770 2421 788 2476 l.
809 2424 941 2476 consueto
957 2422 994 2476 cd
1007 2441 1044 2477 m.
1059 2422 1180 2477 incisam

163 2500 256 2552 cutem
275 2499 306 2553 F
320 2497 339 2551 f.
361 2497 387 2551 ei
406 2496 493 2549 scoies
511 2495 556 2549 vel
575 2494 731 2549 cauterium
749 2494 789 2547 ed.
805 2511 851 2562 pr.
870 2494 905 2548 A.
938 2493 995 2547 Fue
1013 2494 1178 2548 incisionem

162 2570 237 2623 iuter
255 2586 279 2623 e.
296 2612 301 2624 .
318 2610 324 2622 .
339 2568 369 2621 in
388 2570 451 2621 cute
470 2568 498 2621 P
522 2571 532 2636 11
559 2571 575 2620 5
595 2569 624 2619 et
642 2565 680 2620 sit
698 2565 805 2619 lunaris
827 2564 928 2619 incisio
942 2567 970 2620 P
988 2567 997 2634 11
1018 2572 1034 2619 6
1052 2565 1131 2619 indie
1148 2563 1179 2614 nt

161 2657 222 2694 mos
236 2642 280 2694 est
293 2657 342 2694 ocu.
358 2641 403 2707 ΡΙ
419 2636 503 2691 moris
517 2637 539 2692 S
553 2640 557 2705 Ι
572 2637 659 2690 induc
672 2636 703 2689 in
717 2636 763 2690 die
776 2639 810 2691 ut
823 2654 888 2691 mox
903 2639 947 2690 est
960 2638 990 2691 F
1002 2636 1053 2691 fiet
1066 2638 1107 2691 ed
1119 2634 1178 2689 bito

161 2713 194 2764 ut
212 2728 248 2763 m.
265 2726 280 2763 e
298 2725 392 2778 murco
410 2708 446 2762 cl.
463 2708 494 2760 in
512 2707 558 2761 die
573 2708 600 2761 A
614 2710 623 2776 11
638 2713 652 2760 7
673 2707 707 2761 de
725 2726 750 2762 ι.
765 2708 843 2763 codd.
858 2708 1004 2778 praeterii
1021 2725 1036 2763 e
1055 2710 1096 2763 cd.
1107 2725 1152 2778 pr.
1171 2704 1176 2772 1

162 2780 312 2835 deducitur
330 2780 393 2833 AF
409 2779 543 2833 educetur
561 2779 589 2831 P
606 2780 610 2847 1
634 2779 712 2833 curci
729 2781 830 2849 incipit
846 2781 904 2835 cod.
923 2781 950 2835 L
972 2780 976 2852 1
998 2779 1120 2850 languor
1138 2776 1178 2831 est

161 2855 182 2906 t.
198 2853 225 2907 L
243 2850 363 2920 longiori
382 2852 401 2904 t.
418 2852 456 2905 M
472 2851 482 2918 11
502 2854 518 2903 8
537 2849 676 2918 corruptis
694 2852 758 2905 AF
775 2854 779 2920 1
801 2867 873 2920 quae
893 2850 917 2904 si
935 2868 992 2905 non
1009 2851 1081 2906 bene
1101 2849 1177 2904 lube

161 2925 238 2978 reret
255 2924 325 2978 PM
339 2924 443 2992 (mcrpo
465 2920 616 2990 laberetur)
640 2921 644 2991 1
666 2921 770 2977 herbae
788 2929 813 2976 et
835 2922 865 2976 in
884 2939 907 2977 e.
926 2923 1041 2977 vulnere
1060 2939 1111 2977 om.
1130 2916 1175 2984 Ρ1

163 3000 178 3048 9
198 2994 228 3049 in
254 3010 304 3048 om.
325 2994 365 3048 cd.
384 3009 429 3060 pr.
464 2992 467 3062 1
501 2992 601 3046 inseris
623 2994 646 3048 S
675 2995 685 3063 11
718 2999 751 3047 10
776 2995 867 3047 virum
889 2995 912 3049 S
935 3010 1073 3048 venenum
1091 2988 1175 3055 AF!

164 3070 268 3120 10-15
282 3065 315 3118 R.
329 3079 416 3118 unam
430 3063 547 3118 ellebori
559 3064 635 3135 nigri
649 3064 791 3134 perforato
807 3065 881 3119 corio
896 3066 1000 3119 inseres
1011 3066 1039 3120 P
1049 3068 1059 3135 11
1075 3072 1106 3119 11
1117 3059 1175 3132 pol·

162 3135 603 3205 monccicmApulmoniceemS
611 3136 849 3206 pulmunicicmL
862 3139 872 3206 11
888 3137 1077 3205 usquamst
1092 3139 1096 3203 1
1113 3131 1171 3188 etb.

163 3226 213 3264 em.
227 3208 335 3277 SLFy
350 3213 382 3261 13
401 3207 475 3261 hene
493 3223 568 3277 eegr.
582 3209 622 3277 81
644 3208 680 3261 cl.
700 3223 733 3262 ee
751 3210 848 3262 tenere
867 3225 961 3279 marpo
978 3210 1006 3263 A
1020 3210 1030 3277 11
1045 3214 1078 3262 14
1096 3201 1172 3275 ponis

162 3280 184 3336 S
198 3280 203 3351 1
219 3279 331 3334 circinis
345 3279 367 3334 S
381 3279 385 3350 1
401 3281 500 3347 postea
519 3295 542 3332 o.
557 3296 584 3347 p.
604 3280 645 3334 ed.
656 3297 701 3347 pr.
716 3280 725 3347 11
741 3283 773 3332 15
792 3278 936 3333 interseris
954 3280 995 3334 ed.
1006 3296 1051 3348 pr.
1070 3279 1169 3332 inseras

163 3354 192 3404 et
210 3350 306 3404 insuas
324 3352 352 3404 A
377 3352 381 3419 1
406 3365 456 3403 sue
475 3365 525 3403 om.
541 3350 581 3404 ed.
592 3367 637 3418 pr.
653 3352 717 3402 suto
736 3366 776 3417 sp.
791 3350 819 3402 A
846 3351 855 3417 11
879 3355 912 3404 16
930 3349 1041 3404 tamdiu
1060 3367 1109 3403 orn.
1124 3342 1169 3412 ΡΙ

163 3424 301 3491 quotenus
319 3437 370 3475 om.
384 3421 420 3489 F,
439 3438 466 3489 q.
482 3436 504 3474 c.
520 3419 539 3474 f.
554 3436 604 3475 om.
620 3422 648 3475 P
665 3435 719 3488 que
738 3419 815 3488 cipro
833 3419 889 3474 fuit
908 3439 928 3474 s.
943 3422 971 3475 A
992 3421 995 3492 1
1019 3439 1045 3489 q.
1061 3417 1171 3489 caprino

164 3492 277 3562 signata
295 3493 335 3546 ed.
346 3508 391 3561 pr.
