2509 3892
144 129 190 192 44
586 121 720 181 VEGETI

147 297 258 354 infesta
280 295 349 353 tabe
373 295 590 371 aegritudinem
613 296 662 354 vel
684 296 851 370 periculum
874 294 982 373 gignit,
1005 313 1075 353 cum
1101 314 1166 353 san.
1230 281 1231 284 ’

148 387 247 462 guinis
269 384 364 459 ipsius
386 386 496 443 vitiosa
518 388 605 460 parte
628 384 791 442 detrahere.

222 592 342 655 xxii.
368 593 452 673 oete
475 548 639 673 decapenta
662 592 901 656 autecessore
924 593 1097 683 scoparet

556 692 749 755 detractione.

214 820 293 879 Hinc
302 820 437 896 plerique
447 822 524 879 veris
534 823 666 897 tempore
682 822 840 895 quotannis
852 820 889 879 de
899 821 1013 878 cervice
1022 818 1167 877 iumentis
1190 836 1200 876 e

149 910 323 988 sanguinem
342 909 495 968 detrahere
518 912 549 967 et
571 909 613 967 sic
635 910 668 967 in
686 909 809 968 herbam
827 912 946 968 mittere
964 911 1167 968 necessarium

148 1002 270 1074 putant,
301 1018 338 1057 ne
370 999 464 1057 veteri
495 1001 693 1074 corruptoque
730 1017 823 1057 novus
859 999 980 1076 sanguis
1014 998 1167 1056 admixtus

148 1091 258 1146 natira
289 1089 436 1148 calescens
473 1086 660 1146 debilitatem
697 1088 879 1147 valetudinis
912 1088 961 1147 vel
997 1087 1167 1164 periculum

149 1178 250 1237 faciat.
299 1176 423 1235 Veteres
455 1179 556 1234 autem
587 1176 851 1253 prudentioresque
884 1180 1020 1235 auctores
1054 1176 1166 1250 absque

149 1267 326 1324 necessitate
349 1266 462 1341 depleri
485 1266 628 1323 animalia
651 1269 822 1339 vetuerunt,
849 1284 886 1323 ne
908 1266 1096 1324 consuetudo
1121 1264 1166 1322 de·
1180 1281 1199 1319 u

150 1353 266 1431 plendi‚
293 1356 320 1412 si
342 1357 476 1429 tempore
499 1355 601 1429 aliquo
624 1355 706 1413 facta
734 1374 794 1413 non
822 1356 927 1428 fuerit,
955 1356 1062 1413 statim
1085 1356 1166 1413 intra

116 1446 256 1518 icorpus
279 1443 415 1502 morbum
434 1462 468 1501 ae
490 1443 692 1502 valetudinem
715 1447 843 1521 generet.
884 1443 1006 1502 Rectius
1030 1463 1105 1522 ergo
1125 1445 1167 1500 est

149 1534 273 1591 minoris
303 1534 411 1591 aetatis
441 1533 619 1591 animalibus
655 1537 685 1591 et
712 1533 786 1592 bene
816 1533 984 1592 valentibus
1015 1552 1050 1591 ex
1083 1532 1165 1590 nulls

150 1624 236 1698 parte
259 1623 390 1697 corporis
414 1624 587 1699 sanguinem
610 1622 727 1681 detrahi
756 1623 867 1698 absque
889 1623 1005 1697 palato:
1038 1622 1077 1680 de
1110 1638 1165 1695 quo

151 1710 266 1768 assidue
302 1710 365 1769 tam
400 1710 564 1770 minoribus
601 1730 691 1785 quam
726 1713 852 1770 maturis
885 1711 1086 1770 detrahendus
1124 1710 1165 1766 est
1177 1722 1196 1764 re

150 1800 269 1872 humor,
300 1804 336 1857 ut
365 1802 455 1875 caput
487 1801 565 1859 oculi
598 1800 807 1876 cerebrumque
836 1800 991 1858 relevetur.
1037 1799 1165 1859 Maturis

151 1907 221 1947 vero
241 1888 420 1946 animalibus
442 1908 502 1947 non
519 1889 739 1948 incommodum
763 1892 808 1948 est
825 1891 945 1965 pulsare
966 1908 1076 1948 venam
1101 1906 1164 1947 cum

118 1978 313 2035 3mittuntur
334 1979 367 2034 in
385 1995 503 2053 pascua.
548 1978 607 2037 Illa
629 1979 780 2037 tamenin
799 1977 934 2037 omnibus
955 1979 1008 2053 qui
1026 1975 1164 2054 deplendi

152 2069 222 2125 sunt
244 2067 424 2125 consuetudo
453 2068 598 2130 servanda
621 2070 679 2141 est,
706 2070 741 2125 ut
767 2068 863 2143 pridie
886 2087 977 2143 qnam
1000 2086 1078 2126 vena
1101 2064 1164 2142 pul-

153 2159 235 2215 setur
258 2158 460 2215 sustententur
486 2156 648 2216 levioribus
678 2160 709 2215 et
730 2156 915 2232 parcioribus
939 2156 1025 2230 cibis,
1053 2160 1091 2215 ut
1114 2172 1163 2230 per
1175 2170 1195 2209 u

153 2245 298 2304 diastema
328 2247 490 2321 composito
521 2264 643 2321 corpore
671 2247 745 2320 sint,
774 2264 835 2303 non
863 2245 985 2304 turbato
1008 2264 1062 2321 per
1089 2242 1162 2303 indi·

224 2441 240 2489 5
259 2434 332 2489 Chir.
348 2451 370 2488 c.
386 2440 410 2488 ὁ.
485 2439 500 2486 9
520 2432 592 2486 Chir.
608 2450 630 2486 c.
647 2439 662 2486 6
683 2432 716 2486 cf.
733 2449 755 2486 c.
771 2439 822 2487 564
841 2431 1007 2502 Veg.1140.

225 2614 364 2668 linfeete
383 2611 447 2666 AF
463 2611 544 2678 quasi
566 2612 641 2663 viam
664 2627 737 2679 quae
757 2612 885 2665 morbum
907 2610 952 2664 vel
970 2629 997 2680 p.
1013 2614 1041 2666 P
1069 2614 1073 2684 l
1102 2625 1162 2665 san-

153 2685 247 2753 guinis
263 2687 353 2754 perpit
371 2684 398 2735 L
412 2684 450 2750 lli
471 2682 596 2735 detinere
614 2684 641 2735 A
661 2682 807 2737 detrahere
827 2683 952 2736 detinere
972 2682 1003 2736 F

194 2824 200 2836 .
225 2760 240 2807 3
259 2755 289 2806 in
308 2754 444 2823 sanguine
463 2752 636 2805 detrahendo
654 2753 681 2806 L
703 2758 713 2823 l
733 2760 749 2807 5
768 2754 918 2821 quotannis
936 2770 987 2808 om.
1002 2756 1030 2809 A
1043 2757 1083 2824 116
1103 2768 1161 2807 san-

152 2826 372 2957 retrussi
388 2822 1161 2952 'adltffrtsllttlffppnlldttlitigiali*ital

154 2966 312 3021 ooalescens
321 2968 410 3035 edpr.
420 2967 463 3034 (cf.
475 2967 545 3021 Che.
554 2965 661 3020 fervore
670 2970 729 3036 suo)
746 2970 750 3036 Ι
765 2967 1143 3036 velLPFillisAvecd.pr.
1152 2964 1161 3033 ΙΙ

154 3044 244 3107 9que
263 3055 312 3093 om.
328 3040 355 3093 A
382 3040 391 3106 ΙΙ
420 3042 453 3091 10
470 3040 634 3092 vetaverunt
652 3038 679 3090 L
709 3043 712 3108 Ι
746 3056 780 3093 ne
799 3040 823 3094 si
843 3056 865 3093 e.
881 3039 907 3091 L
936 3040 940 3110 1
970 3038 1116 3108 deplendis
1133 3035 1160 3088 in

153 3113 279 3178 tempore
293 3109 320 3161 L
354 3112 357 3179 Ι
390 3109 535 3162 minuendi
549 3110 613 3163 AF
624 3109 663 3163 ed.
675 3127 719 3178 pr.
748 3113 757 3179 ll
784 3116 817 3164 12
835 3111 947 3164 morbos
965 3111 1007 3164 ita
1025 3127 1058 3164 ac
1077 3128 1100 3164 v.
1115 3105 1156 3175 Ll

153 3181 241 3252 igitur
260 3183 355 3250 Ρ1113
375 3180 509 3234 animalia
532 3183 561 3234 et
578 3181 605 3233 b.
624 3179 750 3234 valentia
767 3182 831 3235 AF
849 3185 859 3251 l
883 3184 995 3235 retem
1012 3180 1159 3235 maioribus

154 3269 239 3322 quarn
256 3252 410 3306 minoribus
429 3253 477 3321 ΡΙΙ
492 3258 524 3304 16
542 3252 701 3306 releventur
712 3252 740 3305 A
758 3253 797 3305 cd.
808 3271 852 3321 pr.
867 3256 876 3323 ῃ
896 3258 928 3306 17
948 3271 971 3308 v.
991 3252 1157 3307 matricalem

154 3325 181 3377 L
203 3329 213 3394 u
236 3330 269 3377 18
288 3338 361 3392 quas
380 3322 519 3392 deplenda
538 3324 566 3377 P
594 3326 603 3391 ΙΙ
636 3328 669 3375 19
689 3323 877 3377 conservanda
900 3326 943 3377 est
962 3341 984 3378 c.
999 3326 1027 3378 A
1041 3325 1081 3379 ed.
1093 3339 1133 3393 pr.
1150 3317 1158 3386 tl

155 3436 189 3484 10
207 3429 386 3499 paucioribus
405 3428 465 3483 LP
481 3431 491 3497 ΙΙ
512 3435 544 3481 21
564 3429 731 3482 diastemam
750 3428 777 3480 L
795 3429 930 3484 ieiunium
949 3433 994 3500 ΡΙ
1012 3405 1159 3499 compositi

173 3504 178 3511 ’
201 3501 296 3569 quieto
315 3503 361 3573 Pl
378 3501 435 3554 sint
453 3517 502 3554 om.
518 3502 546 3553 P
1230 3523 1231 3526 ¹
