2509 3892
430 135 571 190 MVLOM.
592 135 632 190 IV
651 141 693 202 10,
710 143 740 189 n
1031 137 1098 202 295

2 301 3 322 ²
74 305 189 362 raverit
213 305 403 380 suppuratio,
430 304 616 363 rescindetur
639 306 717 372 ferro
745 306 910 380 emissaque
939 308 1034 380 sanie,
1062 309 1096 365 ut

2 391 3 398 '
75 411 167 468 supra
188 393 356 470 docuimus,
383 397 566 469 percuratur.
613 392 716 452 Potest
744 393 835 453 etiam
857 394 944 453 radix
966 395 1025 452 lilii
1046 395 1130 453 vel3

75 483 162 540 scilla
189 501 256 541 cum
286 483 348 541 sale
379 483 426 542 vel
454 482 546 546 herba
575 483 776 559 sanguinalis,
806 503 896 559 quam
923 484 1095 562 polygonon

75 568 182 629 Graeci
215 571 383 647 appellant,
420 573 469 630 vel
504 572 692 630 marrubium
727 574 806 631 ferro
844 575 947 647 aperta
979 592 1093 632 sanare.

50 657 180 719 sOmnis
211 664 312 719 autem
335 663 467 736 corporis
495 661 592 735 dolor,
618 663 645 720 si
674 661 738 720 sine
760 662 883 720 vulnere
907 663 965 735 est,
992 680 1094 720 recens

75 748 216 808 fomentis
242 750 350 808 melius
378 749 551 825 discutitur3
578 754 665 809 vetus
693 754 794 809 autem
821 752 919 809 uritur
946 752 976 809 et
1003 769 1094 827 supra

17 884 20 887 .
73 837 183 897 vulnus
206 838 349 914 butyrum
371 839 419 898 vel
443 841 566 914 caprina
589 840 723 899 stillatur
746 839 884 917 axungia

434 1028 497 1093 XI.
519 1029 575 1093 Aa
595 1030 736 1094 scabiem.

139 1157 261 1217 Scabies
298 1161 422 1217 sanatur
452 1160 526 1217 trito
563 1159 623 1218 alio
658 1159 816 1219 defricata:
856 1159 1016 1235 eodemque
1061 1154 1174 1247 ¹25}th

39 1247 203 1306 reremedio
226 1247 338 1306 rabiosi
362 1267 480 1323 quoque
502 1245 587 1306 'oanis
613 1267 728 1308 morsus
751 1250 882 1322 sanatur,
909 1249 957 1307 vel
974 1249 1039 1324 lupi

72 1336 170 1395 dentis
192 1338 300 1395 vulnus
318 1336 447 1396 illatum.
483 1337 577 1396 Vetus
599 1357 719 1413 quoque
741 1338 955 1396 salsamentum
977 1340 1090 1396 utram·

72 1444 127 1498 que
151 1426 274 1503 plagam
297 1444 400 1485 curare
427 1426 608 1501 perhibetur.
654 1427 703 1484 Ad
726 1425 856 1485 scabiem
884 1429 984 1485 autem
1006 1431 1125 1503 prae-2

71 1515 183 1574 sentior
206 1516 266 1574 ista
284 1516 431 1573 medicina
455 1518 512 1573 est:
536 1516 637 1574 cunila
655 1515 766 1574 bubula
788 1516 941 1590 sulfurque
964 1518 1090 1575 conteri·

70 1605 118 1660 tur
142 1604 335 1679 admixtaque
358 1623 480 1662 amurca
503 1624 570 1663 cum
594 1605 660 1663 oleo
684 1608 774 1680 atque
803 1607 886 1663 aceto
915 1605 1092 1681 decoquitur

37 1715 58 1750 a
70 1695 98 1750 et
122 1711 191 1751 oum
214 1696 362 1769 tepescere
386 1694 529 1768 coeperit,
553 1694 673 1752 alumen
696 1696 819 1753 scissum
842 1695 949 1752 tritum
971 1705 1090 1773 sparge-

69 1782 130 1839 tur:
157 1782 237 1856 quod
260 1782 510 1841 medicamentum
532 1782 677 1841 candente
704 1783 766 1842 sole
793 1783 939 1842 illinitum
963 1784 1089 1843 maxime

69 1871 199 1944 prodest.
245 1870 401 1929 Ulceribus
431 1871 579 1949 gallarum
608 1874 750 1930 tritarum
779 1872 878 1948 pulvis
908 1875 1090 1952 aspergitur3

70 1978 158 2018 sucus
181 1978 299 2035 quoque
321 1959 467 2018 marrubii
490 1979 557 2019 cum
580 1961 706 2038 fuligine
730 1966 817 2021 sanat
839 1963 1006 2037 impositus.

120 2065 157 2164 <9
176 2111 234 2167 Col.
249 2112 288 2166 VI
308 2117 349 2165 13.

143 2243 156 2289 1
182 2236 357 2291 rescindetur
375 2238 402 2292 L
423 2238 477 2292 Ool.
505 2237 645 2292 scinditur
671 2239 742 2306 vulp.
764 2269 796 2276 —
811 2238 832 2309 §
847 2242 905 2291 1.2
931 2238 971 2291 sic
994 2238 1026 2290 ia
1049 2240 1088 2292 P:

69 2308 155 2361 confr,
175 2310 241 2361 sunt
260 2311 289 2362 et
307 2310 387 2363 aceto
407 2308 499 2362 calido
519 2313 548 2362 et
565 2308 618 2361 lini
637 2307 744 2363 semine
763 2310 812 2362 aut
831 2326 867 2360 m.
887 2310 1035 2361 contusum
1058 2310 1088 2362 et

69 2384 178 2434 coctum
204 2379 234 2431 in
259 2395 284 2433 a.
308 2380 400 2433 mulsa
423 2384 452 2433 et
474 2380 639 2449 impositum
664 2378 794 2448 perducit
819 2379 857 2432 ad
880 2378 1085 2434 maturitatem:

68 2467 121 2517 quo
151 2450 227 2504 facto
253 2451 399 2504 scindatur
420 2451 494 2505 ferro
520 2455 549 2505 et
577 2452 670 2505 sanies
698 2450 847 2505 emittatur
864 2453 894 2504 et
917 2452 1029 2516 curetur
1054 2453 1087 2503 ut

69 2538 88 2574 s.
103 2523 129 2575 d.
159 2524 168 2591 1
200 2524 265 2575 aet
283 2525 348 2591 post
366 2524 393 2577 L
411 2527 509 2591 potum
528 2525 555 2576 P
584 2525 593 2591 11
626 2522 765 2589 esquilla
783 2522 824 2576 ed.
835 2540 880 2590 pr.
896 2524 924 2576 A
943 2520 1042 2574 savilla
1061 2524 1089 2576 P

68 2593 173 2662 scyllae
191 2595 217 2647 L
234 2595 239 2662 1
255 2594 416 2664 sanguinali
431 2595 491 2648 LP
513 2597 518 2663 1
543 2594 728 2664 polygonium
747 2594 774 2648 L
792 2594 862 2645 -iam
881 2595 909 2648 P
924 2593 1086 2664 palaganon

67 2665 105 2718 ed.
111 2683 158 2734 pr.
174 2666 202 2718 A
215 2664 292 2735 (pel.)
306 2669 315 2733 11
329 2671 346 2718 4
359 2665 501 2719 marrubio
515 2667 542 2719 P
557 2668 560 2734 1
577 2666 671 2718 sanari
686 2667 712 2719 L
725 2668 735 2735 11
750 2671 765 2717 6
780 2665 881 2718 melius
891 2666 951 2720 LP
962 2664 1085 2718 mellinis

68 2737 105 2789 ed.
115 2753 162 2805 pr.
178 2737 216 2803 117
235 2735 281 2806 cel
298 2736 325 2789 b.
344 2735 388 2790 vel
408 2755 430 2790 c.
451 2736 607 2790 instillatur
625 2751 649 2791 a.
670 2738 709 2790 ed.
720 2754 766 2805 pr.
781 2739 809 2791 A

137 2808 270 2861 S'Zemma
288 2809 319 2860 tn
337 2808 430 2863 LAP
441 2811 480 2876 119
500 2808 608 2862 scavies
627 2808 720 2861 anatis
739 2810 779 2862 ed.
790 2826 835 2878 pr.
856 2808 950 2861 scabie
969 2810 1085 2861 sanatus

68 2879 93 2931 A
109 2882 113 2947 1
129 2877 200 2931 trita
214 2878 276 2932 oleo
290 2880 330 2932 ed.
343 2895 387 2946 pr.
403 2882 430 2933 A
445 2879 506 2933 oleo
521 2882 603 2934 etiam
617 2879 644 2932 L
658 2883 667 2946 11
683 2885 715 2933 10
730 2896 842 2947 quoque
856 2895 906 2934 om.
922 2880 962 2934 ed.
973 2898 1018 2948 pr.
1035 2880 1082 2951 ΑΙ

67 2950 178 3003 morbus
196 2950 236 3003 ed.
247 2967 292 3019 pr.
308 2950 349 3004 L²
365 2952 368 3017 1
384 2950 446 3019 lupi
465 2950 563 3004 dentes
580 2968 603 3003 v.
619 2951 637 3003 i.
653 2951 680 3004 L
697 2951 790 3019 lupini
809 2969 833 3003 v.
852 2951 871 3004 i.
890 2951 930 3004 ed.
943 2968 987 3018 pr,
1003 2952 1037 3005 A.
1051 2984 1084 2991 -

65 3020 114 3090 §1
133 3024 174 3075 sic
192 3022 223 3073 in
237 3023 277 3075 P:
302 3021 431 3075 scabiosa
453 3021 522 3075 trita
545 3039 609 3075 cum
630 3021 691 3075 oleo
714 3025 836 3090 utramq.
855 3021 972 3091 plagam
991 3039 1013 3076 c.
1028 3040 1055 3091 p.
1074 3022 1085 3094 1

68 3098 97 3145 12
117 3094 213 3145 antem
232 3093 258 3146 L
277 3109 389 3161 quoque
408 3100 465 3147 cett.
490 3095 493 3160 1
516 3108 648 3161 praesens
667 3111 703 3146 m.
723 3096 767 3147 est
786 3095 813 3147 P
833 3095 843 3163 11
868 3100 899 3145 13
920 3093 1037 3146 concula
1056 3095 1082 3147 L

67 3163 153 3218 sanda
168 3165 196 3218 P
209 3163 233 3217 si
248 3164 390 3217 cumulem
403 3163 539 3217 bubulam
554 3166 593 3218 ed.
605 3182 651 3233 pr.
666 3167 694 3218 A
707 3167 717 3233 11
732 3170 765 3217 14
785 3164 912 3217 admixta
926 3180 1000 3233 aqua
1015 3181 1039 3217 a.
1057 3164 1082 3216 L

67 3235 219 3303 admixtaq.
234 3235 349 3302 myrrha
363 3236 403 3289 ed.
415 3252 458 3304 pr.
476 3237 536 3289 AP
547 3237 556 3304 11
572 3243 603 3289 lo
618 3239 714 3303 tepere
729 3237 756 3289 Ρ
770 3238 774 3300 1
791 3236 913 3304 spissum
927 3235 954 3287 L
967 3252 1018 3289 om.
1034 3237 1062 3289 P
1076 3236 1079 3306 1

2 3327 4 3334 v
67 3303 237 3374 inspergitur
250 3306 291 3360 ed.
305 3324 347 3375 pr.
363 3309 391 3360 A
410 3309 576 3376 aspergatur
590 3309 618 3360 P
629 3310 639 3375 11
654 3312 687 3359 16
707 3306 853 3361 candentis
873 3306 928 3359 olei
943 3307 969 3360 L
983 3307 1023 3359 ed.
1035 3323 1081 3374 pr.

2 3419 3 3422 η
67 3379 92 3430 A
109 3395 165 3446 quo
184 3380 308 3447 ungatur
332 3378 369 3431 ad
388 3378 476 3432 solem
495 3378 606 3431 tortiter
625 3379 653 3431 P
680 3384 684 3445 1
713 3377 835 3432 maxime
853 3394 903 3431 om.
919 3379 959 3430 ed.
970 3395 1014 3446 pr,
1030 3379 1058 3431 A
1072 3380 1081 3446 11

2 3451 3 3494 i
68 3452 97 3500 17
116 3448 279 3502 vulneribus
295 3448 321 3501 L
338 3451 341 3518 1
358 3448 530 3519 inspergitur
548 3450 588 3504 ed.
600 3467 644 3517 pr.
660 3451 687 3503 A
706 3450 827 3502 maxime
846 3449 961 3518 prodest
979 3448 1082 3501 ulceri-

2 3557 4 3578 ,
67 3516 115 3572 bus
133 3538 160 3590 g,
175 3523 209 3574 tr.
224 3538 252 3589 p.
272 3523 301 3574 et
320 3537 403 3574 sucus
422 3539 457 3573 m.
474 3537 535 3574 cum
556 3519 574 3572 f.
590 3522 618 3574 P
