2509 3892
174 142 239 207 188
616 140 751 196 vacari

117 307 123 353 s
172 329 269 387 neque
292 312 397 387 lingua
416 329 447 369 se
471 311 601 387 detergit
622 314 658 369 ut
676 312 760 369 solet.
806 310 944 370 Proderit
962 330 1060 386 aquae
1079 312 1196 372 calidae

173 400 249 460 duos
271 400 392 477 congios
415 403 450 458 ut
472 400 536 458 bibi
553 402 650 477 possit
673 400 806 478 digerere
824 419 879 477 per
895 401 1005 474 111111,
1028 403 1100 476 post
1121 420 1195 477 quos

172 491 277 549 statim
299 489 448 548 brassicae
467 489 550 547 XXX
573 490 671 548 caules
694 489 809 548 modice
828 490 974 565 decoques
996 492 1028 548 et
1051 508 1088 548 ex
1112 493 1195 549 aceto

173 578 267 652 dabis,
283 596 516 655 suspensumque
535 579 649 637 animal
667 579 705 637 ab
724 578 784 637 alio
803 578 869 638 cibo
882 578 1003 654 penitus
1021 578 1195 638 abstinebis.

139 667 236 727 2A1ii
264 667 411 727 cruditate
439 667 610 727 laborantes
646 668 762 726 clausos
791 668 824 726 iu
853 667 947 727 bovili
974 668 1116 727 detinent
1145 686 1195 727 nec
1213 690 1229 728 s

173 758 253 817 cibos
276 756 428 832 praebent.
469 756 628 816 Praeterea
655 756 773 815 lentisci
801 759 831 815 et
857 757 979 815 oleastri
1006 758 1195 816 cacuminum

172 845 305 922 pondera
332 845 375 903 IV
404 846 542 904 deterunt
574 849 604 905 et
631 865 701 904 cum
732 846 811 904 libra
843 847 942 905 mellis
972 848 1064 921 atque
1101 864 1195 922 aquae

117 971 119 974 .
173 937 280 1013 congio
306 937 444 1009 misoent,
474 953 550 1010 quae
578 954 639 993 una
665 938 752 994 noete
779 935 833 994 sub
857 935 927 993 divo
950 935 1078 993 mittunt
1106 939 1194 1011 atque

172 1025 217 1083 ita
240 1024 376 1084 faucibus
405 1024 552 1101 digerunt.
597 1023 713 1083 Deinde
742 1024 922 1101 interposita
948 1024 1024 1083 hora
1050 1024 1194 1084 macerati

172 1114 325 1189 infusique
353 1115 417 1172 ervi
446 1112 497 1172 lib.
516 1112 560 1171 IV
584 1113 731 1189 obiciunt,
762 1114 800 1172 ab
824 1113 885 1172 alio
915 1132 1033 1189 quoque
1058 1114 1126 1174 cibo
1149 1113 1194 1172 vel
1208 1135 1231 1174 ic

138 1202 295 1279 3poti0ne
317 1203 484 1278 prohibent.
526 1202 605 1261 Nam
628 1205 656 1261 si
677 1203 814 1279 neglecta
837 1203 932 1261 fuerit
954 1203 1104 1278 cruditas,
1127 1222 1194 1262 ven·

173 1292 228 1351 tris
249 1291 366 1351 inflatio
389 1292 659 1368 intestinorumque
683 1292 889 1368 subsequitur,-
906 1293 1049 1367 exprimit
1067 1293 1195 1370 gemitus

173 1381 313 1456 cibosque
332 1399 438 1457 capere
456 1400 517 1440 non
535 1381 608 1441 sinit
626 1399 681 1439 nec
698 1383 732 1440 in
749 1382 815 1440 loco
829 1383 1000 1455 consistere,
1020 1381 1195 1441 decumbere

120 1470 123 1515 ἶ
173 1473 204 1528 et
230 1471 362 1530 volutari
389 1472 482 1548 cogit,
512 1471 697 1545 caudamque
727 1472 899 1546 frequenter
928 1473 1106 1529 commoret.
1152 1470 1196 1529 De

173 1560 374 1635 experimento
397 1559 545 1619 medicina
567 1562 626 1634 est,
657 1559 784 1618 caudam
813 1560 901 1618 iuxta
928 1561 1029 1619 clunes
1052 1560 1197 1620 resticula
1210 1585 1231 1623 u

173 1650 220 1707 vel
237 1649 301 1707 lino
319 1650 508 1708 vehementer
522 1648 650 1727 astringi
667 1648 795 1724 vinique
809 1648 975 1707 sextarium
989 1668 1057 1708 cum
1076 1648 1197 1708 hemina

173 1737 232 1796 olei
256 1738 395 1813 tepidum
423 1738 493 1797 dare
523 1758 577 1813 per
602 1739 705 1797 fauces
735 1741 826 1814 atque
855 1738 901 1795 ita
928 1758 982 1814 per
1004 1737 1065 1795 MD
1088 1757 1197 1814 passus

172 1825 280 1884 bovem
308 1830 475 1887 currentem
498 1828 634 1886 trabere:
664 1829 690 1886 si
718 1827 803 1886 dolor
824 1827 1035 1902 permanserit,
1065 1828 1198 1905 ungulas

174 1915 236 1974 eius
260 1915 471 1976 circumsecare
495 1919 526 1975 et
550 1918 642 1976 uncta
663 1936 755 1975 manu
779 1935 834 1992 per
856 1936 948 1975 anum
971 1916 1076 1974 fimum
1099 1920 1197 1976 extin-

138 2005 242 2066 4here
266 2007 296 2063 et
318 2024 421 2064 rursus
445 2025 533 2082 agere
561 2009 737 2066 currentem.
779 2004 812 2063 Si
839 2006 956 2065 tardius
978 2005 1113 2081 proficit,
1135 2009 1233 2069 tressa

173 2095 274 2170 partes
296 2094 376 2152 lauri
398 2094 449 2153 diu
472 2097 667 2153 conteruntur
689 2099 720 2153 et
742 2114 810 2153 curu
829 2094 941 2171 duplici
960 2114 1056 2171 aquae
1080 2095 1197 2154 calidae

173 2182 291 2242 dantur.
334 2182 367 2241 Si
388 2185 450 2243 ista
473 2203 533 2243 non
556 2185 667 2259 valent,
690 2186 808 2259 myrtae
831 2183 977 2243 silvestris
999 2184 1144 2243 foliorum
1167 2184 1198 2242 II

72 2268 75 2298 ¹
172 2272 223 2330 lib.
247 2272 416 2331 tunduntur
437 2273 470 2331 iu
492 2275 556 2350 pila
578 2277 609 2332 et
637 2273 697 2334 duo
720 2272 843 2332 sextarii
866 2291 962 2348 aquae
986 2272 1103 2332 calidae
1125 2276 1197 2332 mis·

174 2365 277 2421 centur
307 2380 342 2420 ac
371 2382 426 2438 per
451 2381 504 2421 vas
534 2363 668 2439 ligneum
697 2363 833 2422 faucibus
860 2362 1073 2438 infunduntur;
1105 2364 1198 2439 atque

246 2538 260 2585 1
280 2532 408 2601 linguam
422 2533 448 2585 d.
459 2534 498 2587 ed.
507 2550 550 2601 pr.
566 2534 594 2587 A
605 2532 705 2602 lingua
719 2549 749 2586 se
765 2532 814 2586 det
828 2532 854 2586 ei
868 2534 896 2586 P
908 2549 976 2587 corr.
989 2533 1045 2587 001.
1063 2534 1067 2604 1
1083 2550 1127 2602 pr.
1142 2532 1198 2586 itu-

174 2620 229 2671 que
243 2603 335 2657 calide
347 2606 374 2657 P
385 2623 427 2673 pr.
437 2604 535 2672 itaque
545 2608 577 2659 ut
586 2604 657 2657 duos
668 2622 690 2657 c.
701 2606 740 2658 ed.
748 2621 792 2672 pr.
803 2606 832 2658 A
844 2606 854 2673 11
869 2610 884 2657 1
900 2603 949 2656 ubi
963 2602 1024 2657 bibi
1039 2622 1067 2674 p.
1078 2604 1120 2659 cd.
1127 2621 1174 2674 pr.
1191 2607 1194 2676 1

174 2674 244 2742 quos
262 2691 313 2730 om.
329 2677 357 2730 P
368 2677 377 2744 11
396 2681 411 2728 3
430 2675 556 2730 modicas
575 2677 614 2730 ed.
626 2693 671 2745 pr.
688 2678 748 2730 ΑΡ
760 2692 829 2730 corr.
846 2675 901 2730 cos.
927 2677 931 2743 1
958 2691 1022 2728 cum
1042 2678 1124 2729 aceto
1145 2678 1174 2730 P
1189 2677 1198 2747 11

174 2751 191 2797 4
210 2746 317 2800 animal
335 2763 391 2800 uno
410 2747 456 2801 die
476 2747 512 2800 ab
531 2749 609 2814 Ρ111
628 2746 806 2801 laborantem
824 2746 952 2800 clausum
971 2749 999 2801 P
1011 2749 1020 2815 11
1035 2750 1051 2799 d
1070 2746 1141 2800 lent.
1162 2747 1197 2801 ol.

175 2816 272 2870 cimini
291 2818 385 2886 pondo
399 2819 438 2872 IV
452 2821 480 2874 P
491 2822 530 2889 118
550 2819 698 2873 dimittant
712 2821 740 2873 A
758 2817 810 2870 sub
825 2818 852 2871 d.
867 2821 992 2884 manent,
1011 2820 1045 2871 ut
1063 2818 1198 2887 digerant

173 2887 287 2942 facilius
306 2891 335 2943 P
354 2892 363 2958 11
386 2895 401 2942 9
421 2893 565 2945 macerata
586 2890 708 2959 infusaq.
730 2890 789 2944 ervi
809 2890 847 2942 lV
865 2888 914 2943 lib.
934 2890 1108 2957 1111111110
1127 2891 1198 2944 dant

174 2961 202 3014 P
214 2962 223 3030 11
239 2966 270 3013 11
290 2961 476 3029 prohibentur
493 2963 533 3017 ed.
544 2980 589 3031 pr.
605 2964 634 3017 A
647 2965 656 3032 11
672 2968 704 3014 11
723 2963 849 3031 gemunt,
869 2961 947 3014 cibos
966 2976 1024 3013 non
1043 2962 1198 3029 capiunt..

175 3032 341 3098 consistunt,
361 3048 445 3102 saepe
464 3033 606 3087 decubant
624 3036 654 3087 et
672 3033 855 3102 voluplantur
873 3034 901 3087 P
921 3034 931 3101 11
955 3037 988 3086 11
1006 3032 1153 3101 voluptati
1173 3035 1200 3087 A

173 3102 302 3157 volutare
320 3104 360 3157 cd.
371 3121 416 3172 pr.
439 3107 442 3173 1
464 3107 640 3158 commovent
658 3106 686 3159 A
705 3103 880 3172 frequentius
898 3105 1012 3156 movent
1029 3105 1059 3157 P
1075 3120 1200 3158 commo-

174 3190 239 3228 vere
259 3175 445 3245 Morpaqaics
459 3178 468 3245 11
483 3182 516 3230 11
535 3176 708 3229 medicorum
726 3178 772 3245 ΡΙ
794 3175 883 3228 onnes
902 3176 931 3228 P
947 3190 1048 3228 erunes
1067 3177 1095 3229 A
1112 3180 1116 3242 1
1133 3177 1198 3230 rest

175 3246 219 3298 vel
236 3246 255 3298 l.
275 3263 325 3300 om.
340 3247 388 3314 Ρ11
404 3251 436 3299 11
455 3247 547 3315 tepidi
565 3250 593 3302 P
605 3250 614 3315 11
630 3252 662 3300 19
682 3263 777 3301 secare
795 3247 835 3301 cd.
847 3264 891 3315 pr.
913 3249 918 3314 1
939 3249 969 3299 et
986 3246 1074 3299 missa
1092 3264 1130 3300 m.
1146 3249 1176 3302 P

175 3321 210 3368 10
236 3315 260 3369 si
280 3316 372 3369 adhue
400 3333 455 3370 non
481 3317 633 3387 profecerit
658 3318 729 3372 folia
754 3319 773 3371 1.
793 3319 822 3372 P
837 3316 963 3387 caprifici
989 3317 1171 3374 1111111011.

176 3392 208 3439 11
229 3389 258 3453 et
277 3403 341 3439 cum
358 3386 439 3440 limfa
458 3389 552 3442 calida
571 3389 673 3443 dentur
692 3392 720 3444 P
731 3394 740 3459 11
755 3396 788 3442 11
808 3389 833 3442 si
851 3388 947 3442 laurus
966 3405 1023 3441 non
1043 3388 1126 3443 adest
1145 3392 1175 3445 P

176 3456 278 3510 mitrae
296 3459 325 3511 P
340 3459 426 3525 myrti
446 3459 608 3530 1111111111
626 3463 771 3515 tereantur
789 3463 817 3515 P
828 3463 837 3530 11
852 3465 886 3512 13
906 3462 935 3513 et
956 3459 1030 3514 duae
1048 3476 1083 3515 ex
1102 3461 1200 3515 calida

192 3543 251 3593 qua
268 3544 304 3579 m.
324 3529 364 3581 ed.
374 3546 420 3596 pr.
435 3530 463 3582 A
