<?xml version="1.0" encoding="UTF-8"?>
<!DOCTYPE html PUBLIC "-//W3C//DTD XHTML 1.0 Transitional//EN"
    "http://www.w3.org/TR/xhtml1/DTD/xhtml1-transitional.dtd">
<html xmlns="http://www.w3.org/1999/xhtml" xml:lang="en" lang="en">
 <head>
  <title>
</title>
<meta http-equiv="Content-Type" content="text/html;charset=utf-8" />
  <meta name='ocr-system' content='tesseract 3.04.00' />
  <meta name='ocr-capabilities' content='ocr_page ocr_carea ocr_par ocr_line ocrx_word'/>
</head>
<body>
  <div class='ocr_page' id='page_1' title='image "./pvegetirenatidi00lommgoog/pvegetirenatidi00lommgoog_0292.png"; bbox 0 0 2509 3892; ppageno 0'>
   <div class='ocr_carea' id='block_1_1' title="bbox 181 169 758 235">
    <p class='ocr_par' dir='ltr' id='par_1_1' title="bbox 181 169 758 235">
     <span class='ocr_line' id='line_1_1' title="bbox 181 169 758 235; baseline 0 -13"><span class='ocrx_word' id='word_1_1' title='bbox 181 173 245 235; x_wconf 77' lang='lat'><strong>212</strong></span> <span class='ocrx_word' id='word_1_2' title='bbox 623 169 758 224; x_wconf 79' lang='lat' dir='ltr'><strong>VEGETI</strong></span> 
     </span>
    </p>
   </div>
   <div class='ocr_carea' id='block_1_2' title="bbox 147 338 1224 2199">
    <p class='ocr_par' dir='ltr' id='par_1_2' title="bbox 147 338 1224 2199">
     <span class='ocr_line' id='line_1_2' title="bbox 183 338 1195 415; baseline -0.003 -18"><span class='ocrx_word' id='word_1_3' title='bbox 183 339 328 414; x_wconf 86' lang='lat' dir='ltr'><strong>quidquid</strong></span> <span class='ocrx_word' id='word_1_4' title='bbox 347 341 495 397; x_wconf 89' lang='lat' dir='ltr'><strong>invenerit</strong></span> <span class='ocrx_word' id='word_1_5' title='bbox 517 342 646 413; x_wconf 90' lang='lat' dir='ltr'><strong>temptat</strong></span> <span class='ocrx_word' id='word_1_6' title='bbox 665 340 744 397; x_wconf 84' lang='lat' dir='ltr'><strong>fame</strong></span> <span class='ocrx_word' id='word_1_7' title='bbox 768 341 891 415; x_wconf 86' lang='lat' dir='ltr'><strong>cogente</strong></span> <span class='ocrx_word' id='word_1_8' title='bbox 910 338 1073 410; x_wconf 85' lang='lat' dir='ltr'><strong>corrodere,</strong></span> <span class='ocrx_word' id='word_1_9' title='bbox 1098 338 1195 396; x_wconf 91' lang='lat' dir='ltr'><strong>durum</strong></span> 
     </span>
     <span class='ocr_line' id='line_1_3' title="bbox 149 427 1195 505; baseline -0.004 -17"><span class='ocrx_word' id='word_1_10' title='bbox 149 432 295 488; x_wconf 68' lang='lat' dir='ltr'><strong>lstereus</strong></span> <span class='ocrx_word' id='word_1_11' title='bbox 324 430 443 486; x_wconf 87' lang='lat' dir='ltr'><strong>emittit.</strong></span> <span class='ocrx_word' id='word_1_12' title='bbox 489 427 626 487; x_wconf 76' lang='lat' dir='ltr'><strong>Trahunt</strong></span> <span class='ocrx_word' id='word_1_13' title='bbox 655 429 777 505; x_wconf 84' lang='lat' dir='ltr'><strong>longam</strong></span> <span class='ocrx_word' id='word_1_14' title='bbox 808 446 842 486; x_wconf 83' lang='lat' dir='ltr'><strong>ae</strong></span> <span class='ocrx_word' id='word_1_15' title='bbox 869 427 1071 486; x_wconf 75' lang='lat' dir='ltr'><strong>miserabilem</strong></span> <span class='ocrx_word' id='word_1_16' title='bbox 1101 429 1195 496; x_wconf 84' lang='lat' dir='ltr'><strong>vitam,</strong></span> 
     </span>
     <span class='ocr_line' id='line_1_4' title="bbox 182 516 1195 594; baseline -0.004 -19"><span class='ocrx_word' id='word_1_17' title='bbox 182 521 217 575; x_wconf 88' lang='lat' dir='ltr'><strong>ut</strong></span> <span class='ocrx_word' id='word_1_18' title='bbox 239 536 294 576; x_wconf 88' lang='lat' dir='ltr'><strong>nec</strong></span> <span class='ocrx_word' id='word_1_19' title='bbox 316 537 439 592; x_wconf 82' lang='lat' dir='ltr'>surgere</span> <span class='ocrx_word' id='word_1_20' title='bbox 462 519 596 590; x_wconf 85' lang='lat' dir='ltr'><strong>valeant,</strong></span> <span class='ocrx_word' id='word_1_21' title='bbox 627 518 678 575; x_wconf 89' lang='lat' dir='ltr'><strong>sed</strong></span> <span class='ocrx_word' id='word_1_22' title='bbox 706 520 839 576; x_wconf 87' lang='lat' dir='ltr'><strong>iacentes</strong></span> <span class='ocrx_word' id='word_1_23' title='bbox 867 519 987 594; x_wconf 84' lang='lat' dir='ltr'><strong>fatigati</strong></span> <span class='ocrx_word' id='word_1_24' title='bbox 1016 516 1195 590; x_wconf 88' lang='lat' dir='ltr'><strong>multumque</strong></span> 
     </span>
     <span class='ocr_line' id='line_1_5' title="bbox 182 606 1196 680; baseline -0.001 -16"><span class='ocrx_word' id='word_1_25' title='bbox 182 606 395 665; x_wconf 80' lang='lat' dir='ltr'>manducantes</span> <span class='ocrx_word' id='word_1_26' title='bbox 427 608 505 665; x_wconf 84' lang='lat' dir='ltr'><strong>fame</strong></span> <span class='ocrx_word' id='word_1_27' title='bbox 535 608 713 665; x_wconf 90' lang='lat' dir='ltr'><strong>moriuntur.</strong></span> <span class='ocrx_word' id='word_1_28' title='bbox 760 606 864 665; x_wconf 90' lang='lat' dir='ltr'><strong>Omnis</strong></span> <span class='ocrx_word' id='word_1_29' title='bbox 895 608 975 664; x_wconf 91' lang='lat' dir='ltr'><strong>enim</strong></span> <span class='ocrx_word' id='word_1_30' title='bbox 1002 623 1083 680; x_wconf 86' lang='lat' dir='ltr'><strong>esca,</strong></span> <span class='ocrx_word' id='word_1_31' title='bbox 1115 623 1196 679; x_wconf 86' lang='lat' dir='ltr'><strong>quam</strong></span> 
     </span>
     <span class='ocr_line' id='line_1_6' title="bbox 183 692 1224 770; baseline -0.004 -16"><span class='ocrx_word' id='word_1_32' title='bbox 183 699 390 770; x_wconf 81' lang='lat' dir='ltr'><strong>sumpsenmt,</strong></span> <span class='ocrx_word' id='word_1_33' title='bbox 425 696 463 753; x_wconf 91' lang='lat' dir='ltr'><strong>ad</strong></span> <span class='ocrx_word' id='word_1_34' title='bbox 494 699 606 755; x_wconf 86' lang='lat' dir='ltr'><strong>stercus</strong></span> <span class='ocrx_word' id='word_1_35' title='bbox 642 699 672 753; x_wconf 88' lang='lat' dir='ltr'><strong>et</strong></span> <span class='ocrx_word' id='word_1_36' title='bbox 701 698 797 754; x_wconf 90' lang='lat' dir='ltr'><strong>omnis</strong></span> <span class='ocrx_word' id='word_1_37' title='bbox 827 698 916 769; x_wconf 88' lang='lat' dir='ltr'><strong>pctus</strong></span> <span class='ocrx_word' id='word_1_38' title='bbox 951 696 1138 753; x_wconf 79' lang='lat' dir='ltr'><strong>convertitur</strong></span> <span class='ocrx_word' id='word_1_39' title='bbox 1165 692 1224 751; x_wconf 79' lang='lat' dir='ltr'><strong>ads</strong></span> 
     </span>
     <span class='ocr_line' id='line_1_7' title="bbox 149 784 1196 858; baseline -0.002 -16"><span class='ocrx_word' id='word_1_40' title='bbox 149 787 318 843; x_wconf 84' lang='lat' dir='ltr'><strong>3urinam:</strong></span> <span class='ocrx_word' id='word_1_41' title='bbox 348 786 450 843; x_wconf 91' lang='lat' dir='ltr'><strong>nullus</strong></span> <span class='ocrx_word' id='word_1_42' title='bbox 474 804 508 842; x_wconf 83' lang='lat' dir='ltr'><strong>ex</strong></span> <span class='ocrx_word' id='word_1_43' title='bbox 535 786 582 843; x_wconf 91' lang='lat' dir='ltr'><strong>his</strong></span> <span class='ocrx_word' id='word_1_44' title='bbox 605 802 693 845; x_wconf 86' lang='lat' dir='ltr'><strong>sucus</strong></span> <span class='ocrx_word' id='word_1_45' title='bbox 721 786 837 843; x_wconf 92' lang='lat' dir='ltr'><strong>nullum</strong></span> <span class='ocrx_word' id='word_1_46' title='bbox 865 785 1042 842; x_wconf 81' lang='lat' dir='ltr'><strong>alimentum</strong></span> <span class='ocrx_word' id='word_1_47' title='bbox 1069 802 1159 858; x_wconf 87' lang='lat' dir='ltr'><strong>perve</strong></span> <span class='ocrx_word' id='word_1_48' title='bbox 1179 784 1196 838; x_wconf 89' lang='lat' dir='ltr'><strong>&#39;t</strong></span> 
     </span>
     <span class='ocr_line' id='line_1_8' title="bbox 185 872 1196 949; baseline -0.005 -16"><span class='ocrx_word' id='word_1_49' title='bbox 185 874 228 933; x_wconf 93' lang='lat' dir='ltr'><strong>ad</strong></span> <span class='ocrx_word' id='word_1_50' title='bbox 259 873 436 947; x_wconf 80' lang='lat' dir='ltr'><strong>medullam,</strong></span> <span class='ocrx_word' id='word_1_51' title='bbox 467 877 625 949; x_wconf 86' lang='lat' dir='ltr'><strong>propterea</strong></span> <span class='ocrx_word' id='word_1_52' title='bbox 660 874 739 948; x_wconf 88' lang='lat' dir='ltr'><strong>quod</strong></span> <span class='ocrx_word' id='word_1_53' title='bbox 775 872 945 932; x_wconf 73' lang='lat' dir='ltr'><strong>stomachus</strong></span> <span class='ocrx_word' id='word_1_54' title='bbox 978 891 1080 932; x_wconf 89' lang='lat' dir='ltr'><strong>eorum</strong></span> <span class='ocrx_word' id='word_1_55' title='bbox 1112 872 1196 930; x_wconf 87' lang='lat' dir='ltr'><strong>nimio</strong></span> 
     </span>
     <span class='ocr_line' id='line_1_9' title="bbox 182 959 1195 1040; baseline -0.005 -18"><span class='ocrx_word' id='word_1_56' title='bbox 182 966 287 1040; x_wconf 85' lang='lat' dir='ltr'><strong>rigore</strong></span> <span class='ocrx_word' id='word_1_57' title='bbox 316 964 494 1021; x_wconf 88' lang='lat' dir='ltr'><strong>constrictus</strong></span> <span class='ocrx_word' id='word_1_58' title='bbox 523 982 577 1021; x_wconf 88' lang='lat' dir='ltr'><strong>nec</strong></span> <span class='ocrx_word' id='word_1_59' title='bbox 607 982 734 1038; x_wconf 82' lang='lat' dir='ltr'><strong>coquere</strong></span> <span class='ocrx_word' id='word_1_60' title='bbox 764 965 863 1038; x_wconf 89' lang='lat' dir='ltr'><strong>potest</strong></span> <span class='ocrx_word' id='word_1_61' title='bbox 892 981 946 1020; x_wconf 88' lang='lat' dir='ltr'><strong>nec</strong></span> <span class='ocrx_word' id='word_1_62' title='bbox 976 964 1058 1036; x_wconf 81' lang='lat' dir='ltr'><strong>apati</strong></span> <span class='ocrx_word' id='word_1_63' title='bbox 1088 959 1195 1036; x_wconf 86' lang='lat' dir='ltr'><strong>aliquid</strong></span> 
     </span>
     <span class='ocr_line' id='line_1_10' title="bbox 182 1051 1196 1129; baseline -0.006 -18"><span class='ocrx_word' id='word_1_64' title='bbox 182 1054 356 1129; x_wconf 84' lang='lat' dir='ltr'><strong>propinare,</strong></span> <span class='ocrx_word' id='word_1_65' title='bbox 386 1053 418 1109; x_wconf 92' lang='lat' dir='ltr'><strong>in</strong></span> <span class='ocrx_word' id='word_1_66' title='bbox 442 1071 500 1127; x_wconf 91' lang='lat' dir='ltr'><strong>quo</strong></span> <span class='ocrx_word' id='word_1_67' title='bbox 523 1055 590 1111; x_wconf 88' lang='lat' dir='ltr'><strong>tcta</strong></span> <span class='ocrx_word' id='word_1_68' title='bbox 612 1054 708 1110; x_wconf 86' lang='lat' dir='ltr'><strong>virtus</strong></span> <span class='ocrx_word' id='word_1_69' title='bbox 739 1053 777 1110; x_wconf 90' lang='lat' dir='ltr'><strong>ad</strong></span> <span class='ocrx_word' id='word_1_70' title='bbox 806 1051 998 1110; x_wconf 81' lang='lat' dir='ltr'><strong>nutriendum</strong></span> <span class='ocrx_word' id='word_1_71' title='bbox 1022 1069 1130 1126; x_wconf 89' lang='lat' dir='ltr'><strong>corpus</strong></span> <span class='ocrx_word' id='word_1_72' title='bbox 1152 1069 1196 1126; x_wconf 92' lang='lat' dir='ltr'><strong>per</strong></span> 
     </span>
     <span class='ocr_line' id='line_1_11' title="bbox 147 1140 1222 1218; baseline -0.004 -20"><span class='ocrx_word' id='word_1_73' title='bbox 147 1145 166 1198; x_wconf 89' lang='grc'>4</span> <span class='ocrx_word' id='word_1_74' title='bbox 182 1143 434 1217; x_wconf 75' lang='lat' dir='ltr'><strong>dispensationem</strong></span> <span class='ocrx_word' id='word_1_75' title='bbox 448 1141 582 1201; x_wconf 87' lang='lat' dir='ltr'><strong>ciborum</strong></span> <span class='ocrx_word' id='word_1_76' title='bbox 600 1144 631 1199; x_wconf 87' lang='lat' dir='ltr'><strong>et</strong></span> <span class='ocrx_word' id='word_1_77' title='bbox 644 1142 798 1218; x_wconf 88' lang='lat' dir='ltr'><strong>sanguinis</strong></span> <span class='ocrx_word' id='word_1_78' title='bbox 812 1143 1018 1216; x_wconf 88' lang='lat' dir='ltr'><strong>praeparatur.</strong></span> <span class='ocrx_word' id='word_1_79' title='bbox 1057 1140 1192 1198; x_wconf 86' lang='lat' dir='ltr'><strong>Tabescet</strong></span> <span class='ocrx_word' id='word_1_80' title='bbox 1204 1156 1222 1194; x_wconf 84' lang='lat'><strong>1⁰</strong></span> 
     </span>
     <span class='ocr_line' id='line_1_12' title="bbox 183 1229 1194 1306; baseline -0.003 -18"><span class='ocrx_word' id='word_1_81' title='bbox 183 1232 264 1289; x_wconf 87' lang='lat' dir='ltr'><strong>iecur</strong></span> <span class='ocrx_word' id='word_1_82' title='bbox 279 1249 444 1306; x_wconf 82' lang='lat' dir='ltr'><strong>corpusque</strong></span> <span class='ocrx_word' id='word_1_83' title='bbox 463 1232 527 1289; x_wconf 90' lang='lat' dir='ltr'><strong>eius</strong></span> <span class='ocrx_word' id='word_1_84' title='bbox 541 1232 657 1289; x_wconf 88' lang='lat' dir='ltr'><strong>minuet</strong></span> <span class='ocrx_word' id='word_1_85' title='bbox 675 1230 714 1288; x_wconf 90' lang='lat' dir='ltr'><strong>ad</strong></span> <span class='ocrx_word' id='word_1_86' title='bbox 732 1229 959 1288; x_wconf 87' lang='lat' dir='ltr'><strong>similitudinem</strong></span> <span class='ocrx_word' id='word_1_87' title='bbox 978 1229 1103 1304; x_wconf 86' lang='lat' dir='ltr'><strong>arboris,</strong></span> <span class='ocrx_word' id='word_1_88' title='bbox 1127 1246 1194 1304; x_wconf 88' lang='lat' dir='ltr'><strong>quae</strong></span> 
     </span>
     <span class='ocr_line' id='line_1_13' title="bbox 185 1319 1195 1395; baseline -0.001 -19"><span class='ocrx_word' id='word_1_89' title='bbox 185 1319 335 1377; x_wconf 87' lang='lat' dir='ltr'><strong>radicibus</strong></span> <span class='ocrx_word' id='word_1_90' title='bbox 354 1339 388 1377; x_wconf 85' lang='lat' dir='ltr'><strong>ex</strong></span> <span class='ocrx_word' id='word_1_91' title='bbox 407 1322 519 1378; x_wconf 89' lang='lat' dir='ltr'><strong>maiore</strong></span> <span class='ocrx_word' id='word_1_92' title='bbox 538 1323 623 1395; x_wconf 85' lang='lat' dir='ltr'><strong>parte</strong></span> <span class='ocrx_word' id='word_1_93' title='bbox 642 1320 793 1394; x_wconf 83' lang='lat' dir='ltr'><strong>praecisis,</strong></span> <span class='ocrx_word' id='word_1_94' title='bbox 816 1337 884 1376; x_wconf 86' lang='lat' dir='ltr'><strong>curn</strong></span> <span class='ocrx_word' id='word_1_95' title='bbox 902 1319 1036 1393; x_wconf 85' lang='lat' dir='ltr'><strong>parvulis</strong></span> <span class='ocrx_word' id='word_1_96' title='bbox 1056 1319 1195 1393; x_wconf 86' lang='lat' dir='ltr'><strong>aliquam·</strong></span> 
     </span>
     <span class='ocr_line' id='line_1_14' title="bbox 152 1405 1195 1483; baseline -0.003 -17"><span class='ocrx_word' id='word_1_97' title='bbox 152 1411 169 1466; x_wconf 85' lang='lat'>5</span> <span class='ocrx_word' id='word_1_98' title='bbox 186 1409 237 1466; x_wconf 90' lang='lat' dir='ltr'><strong>diu</strong></span> <span class='ocrx_word' id='word_1_99' title='bbox 256 1411 426 1466; x_wconf 88' lang='lat' dir='ltr'><strong>sustentata</strong></span> <span class='ocrx_word' id='word_1_100' title='bbox 444 1411 611 1483; x_wconf 87' lang='lat' dir='ltr'><strong>portaverit</strong></span> <span class='ocrx_word' id='word_1_101' title='bbox 628 1408 757 1481; x_wconf 77' lang='lat' dir='ltr'><strong>frondes,</strong></span> <span class='ocrx_word' id='word_1_102' title='bbox 781 1408 916 1467; x_wconf 80' lang='lat' dir='ltr'><strong>celeriter</strong></span> <span class='ocrx_word' id='word_1_103' title='bbox 934 1410 1087 1465; x_wconf 82' lang='lat' dir='ltr'><strong>exarescit.</strong></span> <span class='ocrx_word' id='word_1_104' title='bbox 1125 1405 1195 1474; x_wconf 79' lang='lat' dir='ltr'><strong>Quo·</strong></span> 
     </span>
     <span class='ocr_line' id='line_1_15' title="bbox 184 1497 1194 1573; baseline -0.005 -19"><span class='ocrx_word' id='word_1_105' title='bbox 184 1517 252 1554; x_wconf 88' lang='lat' dir='ltr'><strong>rum</strong></span> <span class='ocrx_word' id='word_1_106' title='bbox 275 1498 435 1555; x_wconf 82' lang='lat' dir='ltr'><strong>manifesto</strong></span> <span class='ocrx_word' id='word_1_107' title='bbox 463 1499 595 1573; x_wconf 89' lang='lat' dir='ltr'><strong>periculo</strong></span> <span class='ocrx_word' id='word_1_108' title='bbox 625 1497 682 1556; x_wconf 88' lang='lat' dir='ltr'><strong>hac</strong></span> <span class='ocrx_word' id='word_1_109' title='bbox 711 1499 827 1555; x_wconf 89' lang='lat' dir='ltr'><strong>ratione</strong></span> <span class='ocrx_word' id='word_1_110' title='bbox 857 1497 1019 1571; x_wconf 87' lang='lat' dir='ltr'><strong>temptabis</strong></span> <span class='ocrx_word' id='word_1_111' title='bbox 1043 1514 1194 1556; x_wconf 85' lang='lat' dir='ltr'><strong>occurrere.</strong></span> 
     </span>
     <span class='ocr_line' id='line_1_16' title="bbox 184 1585 1223 1661; baseline -0.004 -18"><span class='ocrx_word' id='word_1_112' title='bbox 184 1586 267 1644; x_wconf 89' lang='lat' dir='ltr'><strong>Inter</strong></span> <span class='ocrx_word' id='word_1_113' title='bbox 298 1587 447 1661; x_wconf 86' lang='lat' dir='ltr'><strong>principia</strong></span> <span class='ocrx_word' id='word_1_114' title='bbox 478 1588 570 1644; x_wconf 84' lang='lat' dir='ltr'><strong>facies</strong></span> <span class='ocrx_word' id='word_1_115' title='bbox 602 1588 786 1644; x_wconf 86' lang='lat' dir='ltr'><strong>unctionem:</strong></span> <span class='ocrx_word' id='word_1_116' title='bbox 823 1604 908 1644; x_wconf 89' lang='lat' dir='ltr'><strong>cerae</strong></span> <span class='ocrx_word' id='word_1_117' title='bbox 939 1585 990 1643; x_wconf 87' lang='lat' dir='ltr'><strong>lib.</strong></span> <span class='ocrx_word' id='word_1_118' title='bbox 1018 1585 1058 1659; x_wconf 71' lang='grc' dir='ltr'><strong>Π,</strong></span> <span class='ocrx_word' id='word_1_119' title='bbox 1089 1586 1223 1643; x_wconf 82' lang='lat' dir='ltr'><strong>resinaeu</strong></span> 
     </span>
     <span class='ocr_line' id='line_1_17' title="bbox 184 1674 1196 1750; baseline -0.005 -17"><span class='ocrx_word' id='word_1_120' title='bbox 184 1674 387 1733; x_wconf 84' lang='lat' dir='ltr'><strong>terebentinae</strong></span> <span class='ocrx_word' id='word_1_121' title='bbox 406 1675 457 1733; x_wconf 84' lang='lat' dir='ltr'><strong>lib.</strong></span> <span class='ocrx_word' id='word_1_122' title='bbox 476 1676 500 1748; x_wconf 72' lang='grc' dir='ltr'><strong>Ι,</strong></span> <span class='ocrx_word' id='word_1_123' title='bbox 522 1676 671 1733; x_wconf 90' lang='lat' dir='ltr'><strong>medullae</strong></span> <span class='ocrx_word' id='word_1_124' title='bbox 690 1678 827 1733; x_wconf 84' lang='lat' dir='ltr'><strong>cervinae</strong></span> <span class='ocrx_word' id='word_1_125' title='bbox 846 1675 907 1748; x_wconf 85' lang='lat' dir='ltr'><strong>lib,</strong></span> <span class='ocrx_word' id='word_1_126' title='bbox 931 1676 1079 1750; x_wconf 78' lang='lat' dir='ltr'><strong>axungiae</strong></span> <span class='ocrx_word' id='word_1_127' title='bbox 1098 1674 1196 1733; x_wconf 86' lang='lat' dir='ltr'><strong>veteris</strong></span> 
     </span>
     <span class='ocr_line' id='line_1_18' title="bbox 186 1761 1196 1839; baseline -0.006 -16"><span class='ocrx_word' id='word_1_128' title='bbox 186 1766 248 1823; x_wconf 89' lang='lat' dir='ltr'><strong>sine</strong></span> <span class='ocrx_word' id='word_1_129' title='bbox 272 1765 334 1822; x_wconf 90' lang='lat' dir='ltr'><strong>sale</strong></span> <span class='ocrx_word' id='word_1_130' title='bbox 357 1764 418 1838; x_wconf 66' lang='lat' dir='ltr'><strong>lib„</strong></span> <span class='ocrx_word' id='word_1_131' title='bbox 441 1766 598 1839; x_wconf 86' lang='lat' dir='ltr'><strong>propolees</strong></span> <span class='ocrx_word' id='word_1_132' title='bbox 620 1764 712 1838; x_wconf 86' lang='lat' dir='ltr'><strong>selib,</strong></span> <span class='ocrx_word' id='word_1_133' title='bbox 735 1766 788 1822; x_wconf 88' lang='lat' dir='ltr'><strong>iris</strong></span> <span class='ocrx_word' id='word_1_134' title='bbox 807 1764 948 1839; x_wconf 84' lang='lat' dir='ltr'><strong>Illyricae</strong></span> <span class='ocrx_word' id='word_1_135' title='bbox 967 1763 1060 1837; x_wconf 85' lang='lat' dir='ltr'><strong>selib,</strong></span> <span class='ocrx_word' id='word_1_136' title='bbox 1078 1761 1196 1821; x_wconf 85' lang='lat' dir='ltr'><strong>samsuci</strong></span> 
     </span>
     <span class='ocr_line' id='line_1_19' title="bbox 186 1851 1195 1929; baseline -0.003 -19"><span class='ocrx_word' id='word_1_137' title='bbox 186 1851 282 1924; x_wconf 76' lang='lat' dir='ltr'><strong>selib,</strong></span> <span class='ocrx_word' id='word_1_138' title='bbox 319 1853 417 1911; x_wconf 90' lang='lat' dir='ltr'><strong>oleum</strong></span> <span class='ocrx_word' id='word_1_139' title='bbox 448 1854 600 1911; x_wconf 84' lang='lat' dir='ltr'><strong>laurinum</strong></span> <span class='ocrx_word' id='word_1_140' title='bbox 632 1857 776 1929; x_wconf 89' lang='lat' dir='ltr'><strong>quantum</strong></span> <span class='ocrx_word' id='word_1_141' title='bbox 811 1855 885 1912; x_wconf 88' lang='lat' dir='ltr'><strong>satis</strong></span> <span class='ocrx_word' id='word_1_142' title='bbox 918 1854 1023 1926; x_wconf 82' lang='lat' dir='ltr'><strong>fuerit,</strong></span> <span class='ocrx_word' id='word_1_143' title='bbox 1061 1853 1195 1926; x_wconf 78' lang='lat' dir='ltr'><strong>decoquas</strong></span> 
     </span>
     <span class='ocr_line' id='line_1_20' title="bbox 186 1939 1195 2017; baseline -0.003 -19"><span class='ocrx_word' id='word_1_144' title='bbox 186 1941 364 2001; x_wconf 86' lang='lat' dir='ltr'><strong>carbonibus</strong></span> <span class='ocrx_word' id='word_1_145' title='bbox 382 1942 470 2001; x_wconf 85' lang='lat' dir='ltr'><strong>lentis</strong></span> <span class='ocrx_word' id='word_1_146' title='bbox 491 1945 521 1999; x_wconf 91' lang='lat' dir='ltr'><strong>et</strong></span> <span class='ocrx_word' id='word_1_147' title='bbox 544 1941 582 2000; x_wconf 92' lang='lat' dir='ltr'><strong>ad</strong></span> <span class='ocrx_word' id='word_1_148' title='bbox 601 1945 695 2001; x_wconf 86' lang='lat' dir='ltr'><strong>ceroti</strong></span> <span class='ocrx_word' id='word_1_149' title='bbox 713 1942 871 2001; x_wconf 82' lang='lat' dir='ltr'><strong>mollitiem</strong></span> <span class='ocrx_word' id='word_1_150' title='bbox 893 1942 1015 2017; x_wconf 83' lang='lat' dir='ltr'><strong>celabis,</strong></span> <span class='ocrx_word' id='word_1_151' title='bbox 1039 1944 1089 2001; x_wconf 90' lang='lat' dir='ltr'><strong>cui</strong></span> <span class='ocrx_word' id='word_1_152' title='bbox 1109 1939 1195 1998; x_wconf 90' lang='lat' dir='ltr'><strong>adhuc</strong></span> 
     </span>
     <span class='ocr_line' id='line_1_21' title="bbox 186 2028 1224 2107; baseline -0.005 -19"><span class='ocrx_word' id='word_1_153' title='bbox 186 2032 301 2105; x_wconf 80' lang='lat' dir='ltr'><strong>tepenti</strong></span> <span class='ocrx_word' id='word_1_154' title='bbox 319 2030 463 2090; x_wconf 86' lang='lat' dir='ltr'><strong>admisces</strong></span> <span class='ocrx_word' id='word_1_155' title='bbox 481 2032 636 2106; x_wconf 87' lang='lat' dir='ltr'><strong>pulverem</strong></span> <span class='ocrx_word' id='word_1_156' title='bbox 653 2032 706 2091; x_wconf 88' lang='lat' dir='ltr'><strong>iris</strong></span> <span class='ocrx_word' id='word_1_157' title='bbox 725 2031 864 2107; x_wconf 83' lang='lat' dir='ltr'><strong>illyricae</strong></span> <span class='ocrx_word' id='word_1_158' title='bbox 883 2033 914 2089; x_wconf 91' lang='lat' dir='ltr'><strong>et</strong></span> <span class='ocrx_word' id='word_1_159' title='bbox 932 2034 1031 2090; x_wconf 84' lang='lat' dir='ltr'><strong>cretae</strong></span> <span class='ocrx_word' id='word_1_160' title='bbox 1051 2028 1224 2099; x_wconf 57' lang='lat' dir='ltr'><strong>OEmoliaau</strong></span> 
     </span>
     <span class='ocr_line' id='line_1_22' title="bbox 155 2120 1194 2199; baseline -0.003 -22"><span class='ocrx_word' id='word_1_161' title='bbox 155 2122 302 2195; x_wconf 73' lang='lat' dir='ltr'><strong>tpariter</strong></span> <span class='ocrx_word' id='word_1_162' title='bbox 330 2120 422 2178; x_wconf 90' lang='lat' dir='ltr'><strong>donec</strong></span> <span class='ocrx_word' id='word_1_163' title='bbox 449 2121 624 2197; x_wconf 84' lang='lat' dir='ltr'><strong>refrigescat</strong></span> <span class='ocrx_word' id='word_1_164' title='bbox 648 2121 785 2199; x_wconf 77' lang='lat' dir='ltr'><strong>agitabis,</strong></span> <span class='ocrx_word' id='word_1_165' title='bbox 831 2120 877 2177; x_wconf 79' lang='lat' dir='ltr'><strong>Ex</strong></span> <span class='ocrx_word' id='word_1_166' title='bbox 904 2140 963 2196; x_wconf 86' lang='lat' dir='ltr'><strong>quc</strong></span> <span class='ocrx_word' id='word_1_167' title='bbox 991 2120 1194 2178; x_wconf 83' lang='lat' dir='ltr'><strong>medicamenta</strong></span> 
     </span>
    </p>
   </div>
   <div class='ocr_carea' id='block_1_3' title="bbox 258 2305 1114 2362">
    <p class='ocr_par' dir='ltr' id='par_1_3' title="bbox 258 2305 1114 2362">
     <span class='ocr_line' id='line_1_23' title="bbox 258 2305 1114 2362; baseline -0.001 -1"><span class='ocrx_word' id='word_1_168' title='bbox 258 2307 482 2361; x_wconf 79' lang='lat' dir='ltr'><strong>40hir.c.408.</strong></span> <span class='ocrx_word' id='word_1_169' title='bbox 558 2313 590 2360; x_wconf 79' lang='lat'><strong>13</strong></span> <span class='ocrx_word' id='word_1_170' title='bbox 611 2307 798 2362; x_wconf 64' lang='lat' dir='ltr'><strong>Chiaclos.</strong></span> <span class='ocrx_word' id='word_1_171' title='bbox 873 2313 905 2359; x_wconf 78' lang='lat'><strong>21</strong></span> <span class='ocrx_word' id='word_1_172' title='bbox 927 2305 1000 2360; x_wconf 78' lang='lat' dir='ltr'><strong>Obir.</strong></span> <span class='ocrx_word' id='word_1_173' title='bbox 1017 2325 1039 2360; x_wconf 75' lang='lat' dir='ltr'><strong>c,</strong></span> <span class='ocrx_word' id='word_1_174' title='bbox 1056 2313 1114 2360; x_wconf 87' lang='grc'>410.</span> 
     </span>
    </p>
   </div>
   <div class='ocr_carea' id='block_1_4' title="bbox 189 2465 1195 3621">
    <p class='ocr_par' dir='ltr' id='par_1_4' title="bbox 189 2465 1195 3621">
     <span class='ocr_line' id='line_1_24' title="bbox 260 2465 1194 2552; baseline -0.004 -14"><span class='ocrx_word' id='word_1_175' title='bbox 260 2491 274 2537; x_wconf 93' lang='lat'>1</span> <span class='ocrx_word' id='word_1_176' title='bbox 295 2465 449 2539; x_wconf 73' lang='lat' dir='ltr'><strong>conrildere</strong></span> <span class='ocrx_word' id='word_1_177' title='bbox 472 2487 498 2539; x_wconf 90' lang='lat' dir='ltr'><em>L</em></span> <span class='ocrx_word' id='word_1_178' title='bbox 522 2487 668 2539; x_wconf 88' lang='lat' dir='ltr'><strong>corrodere</strong></span> <span class='ocrx_word' id='word_1_179' title='bbox 691 2486 730 2538; x_wconf 82' lang='lat' dir='ltr'><strong>ed.</strong></span> <span class='ocrx_word' id='word_1_180' title='bbox 748 2502 792 2552; x_wconf 78' lang='lat' dir='ltr'><strong>pr.</strong></span> <span class='ocrx_word' id='word_1_181' title='bbox 813 2486 839 2537; x_wconf 99' lang='lat' dir='ltr'><strong><em>A</em></strong></span> <span class='ocrx_word' id='word_1_182' title='bbox 864 2484 1038 2538; x_wconf 87' lang='lat' dir='ltr'><strong>contundere</strong></span> <span class='ocrx_word' id='word_1_183' title='bbox 1061 2485 1194 2540; x_wconf 87' lang='lat' dir='ltr'><strong>Prodere</strong></span> 
     </span>
     <span class='ocr_line' id='line_1_25' title="bbox 189 2556 1194 2626; baseline -0.006 -15"><span class='ocrx_word' id='word_1_184' title='bbox 189 2558 264 2611; x_wconf 77' lang='lat' dir='ltr'><strong>Obir.</strong></span> <span class='ocrx_word' id='word_1_185' title='bbox 278 2560 318 2626; x_wconf 80' lang='lat' dir='ltr'><strong>l3</strong></span> <span class='ocrx_word' id='word_1_186' title='bbox 338 2557 462 2611; x_wconf 88' lang='lat' dir='ltr'><strong>iacentia</strong></span> <span class='ocrx_word' id='word_1_187' title='bbox 481 2563 526 2611; x_wconf 81' lang='lat' dir='ltr'><strong>etc.</strong></span> <span class='ocrx_word' id='word_1_188' title='bbox 542 2557 582 2610; x_wconf 85' lang='lat' dir='ltr'><strong>ed.</strong></span> <span class='ocrx_word' id='word_1_189' title='bbox 593 2574 639 2625; x_wconf 79' lang='lat' dir='ltr'><strong>pr.</strong></span> <span class='ocrx_word' id='word_1_190' title='bbox 663 2558 672 2625; x_wconf 83' lang='grc' dir='ltr'><strong>ΙΙ</strong></span> <span class='ocrx_word' id='word_1_191' title='bbox 694 2563 712 2608; x_wconf 83' lang='lat'>4</span> <span class='ocrx_word' id='word_1_192' title='bbox 730 2556 934 2609; x_wconf 84' lang='lat' dir='ltr'><strong>manducantes</strong></span> <span class='ocrx_word' id='word_1_193' title='bbox 953 2573 1003 2611; x_wconf 85' lang='lat' dir='ltr'><strong>om.</strong></span> <span class='ocrx_word' id='word_1_194' title='bbox 1020 2558 1046 2611; x_wconf 91' lang='lat' dir='ltr'><em>L</em></span> <span class='ocrx_word' id='word_1_195' title='bbox 1072 2560 1076 2624; x_wconf 90' lang='grc' dir='ltr'>Ι</span> <span class='ocrx_word' id='word_1_196' title='bbox 1098 2570 1194 2610; x_wconf 90' lang='lat' dir='ltr'><strong>omnen</strong></span> 
     </span>
     <span class='ocr_line' id='line_1_26' title="bbox 191 2627 1195 2698; baseline -0.007 -16"><span class='ocrx_word' id='word_1_197' title='bbox 191 2646 214 2682; x_wconf 91' lang='lat' dir='ltr'><strong>e.</strong></span> <span class='ocrx_word' id='word_1_198' title='bbox 230 2644 323 2682; x_wconf 88' lang='lat' dir='ltr'><strong>escam</strong></span> <span class='ocrx_word' id='word_1_199' title='bbox 338 2630 366 2682; x_wconf 93' lang='lat' dir='ltr'><strong><em>A</em></strong></span> <span class='ocrx_word' id='word_1_200' title='bbox 379 2631 388 2698; x_wconf 87' lang='grc' dir='ltr'><strong>ΙΙ</strong></span> <span class='ocrx_word' id='word_1_201' title='bbox 403 2634 418 2681; x_wconf 81' lang='grc' dir='ltr'>ὁ</span> <span class='ocrx_word' id='word_1_202' title='bbox 434 2628 604 2696; x_wconf 89' lang='lat' dir='ltr'><strong>sumpserint</strong></span> <span class='ocrx_word' id='word_1_203' title='bbox 617 2628 659 2681; x_wconf 81' lang='lat' dir='ltr'><strong>ed.</strong></span> <span class='ocrx_word' id='word_1_204' title='bbox 669 2644 715 2696; x_wconf 76' lang='lat' dir='ltr'><strong>pr.</strong></span> <span class='ocrx_word' id='word_1_205' title='bbox 730 2629 757 2680; x_wconf 92' lang='lat' dir='ltr'><strong><em>A</em></strong></span> <span class='ocrx_word' id='word_1_206' title='bbox 772 2627 891 2695; x_wconf 80' lang='lat' dir='ltr'><strong>suscipit</strong></span> <span class='ocrx_word' id='word_1_207' title='bbox 906 2628 934 2680; x_wconf 93' lang='lat' dir='ltr'><strong><em>P</em></strong></span> <span class='ocrx_word' id='word_1_208' title='bbox 947 2630 951 2694; x_wconf 77' lang='grc' dir='ltr'>ί</span> <span class='ocrx_word' id='word_1_209' title='bbox 967 2629 997 2682; x_wconf 88' lang='lat' dir='ltr'><strong>et</strong></span> <span class='ocrx_word' id='word_1_210' title='bbox 1015 2645 1040 2681; x_wconf 91' lang='lat'><strong>0.</strong></span> <span class='ocrx_word' id='word_1_211' title='bbox 1051 2633 1110 2680; x_wconf 82' lang='lat'><strong>-6</strong></span> <span class='ocrx_word' id='word_1_212' title='bbox 1124 2640 1195 2681; x_wconf 85' lang='lat' dir='ltr'><strong>sucus</strong></span> 
     </span>
     <span class='ocr_line' id='line_1_27' title="bbox 190 2696 1195 2769; baseline -0.006 -16"><span class='ocrx_word' id='word_1_213' title='bbox 190 2717 241 2754; x_wconf 84' lang='lat' dir='ltr'><strong>cm.</strong></span> <span class='ocrx_word' id='word_1_214' title='bbox 253 2700 282 2752; x_wconf 90' lang='lat' dir='ltr'><strong><em>A</em></strong></span> <span class='ocrx_word' id='word_1_215' title='bbox 297 2701 301 2766; x_wconf 89' lang='grc' dir='ltr'>Ι</span> <span class='ocrx_word' id='word_1_216' title='bbox 318 2699 348 2752; x_wconf 91' lang='lat' dir='ltr'><strong>in</strong></span> <span class='ocrx_word' id='word_1_217' title='bbox 362 2717 403 2752; x_wconf 91' lang='lat' dir='ltr'><strong>ur.</strong></span> <span class='ocrx_word' id='word_1_218' title='bbox 418 2700 458 2753; x_wconf 85' lang='lat' dir='ltr'><strong>ed.</strong></span> <span class='ocrx_word' id='word_1_219' title='bbox 466 2717 510 2766; x_wconf 77' lang='lat' dir='ltr'><strong>pr.</strong></span> <span class='ocrx_word' id='word_1_220' title='bbox 525 2701 535 2767; x_wconf 82' lang='lat' dir='ltr'><strong>l</strong></span> <span class='ocrx_word' id='word_1_221' title='bbox 549 2704 565 2751; x_wconf 86' lang='lat'><strong>6</strong></span> <span class='ocrx_word' id='word_1_222' title='bbox 579 2698 717 2751; x_wconf 90' lang='lat' dir='ltr'><strong>nullus-</strong></span> <span class='ocrx_word' id='word_1_223' title='bbox 731 2704 762 2751; x_wconf 84' lang='grc'><strong>13</strong></span> <span class='ocrx_word' id='word_1_224' title='bbox 773 2698 911 2753; x_wconf 86' lang='lat' dir='ltr'><strong>exarescit</strong></span> <span class='ocrx_word' id='word_1_225' title='bbox 920 2714 971 2753; x_wconf 80' lang='lat' dir='ltr'><strong>em.</strong></span> <span class='ocrx_word' id='word_1_226' title='bbox 983 2699 1011 2751; x_wconf 91' lang='lat' dir='ltr'><strong><em>P</em></strong></span> <span class='ocrx_word' id='word_1_227' title='bbox 1022 2701 1031 2769; x_wconf 84' lang='grc' dir='ltr'><strong>ΙΙ</strong></span> <span class='ocrx_word' id='word_1_228' title='bbox 1047 2696 1195 2752; x_wconf 78' lang='lat' dir='ltr'><strong>&#39;lmedullss</strong></span> 
     </span>
     <span class='ocr_line' id='line_1_28' title="bbox 190 2769 1173 2839; baseline -0.003 -15"><span class='ocrx_word' id='word_1_229' title='bbox 190 2772 231 2824; x_wconf 82' lang='lat' dir='ltr'><strong>cd.</strong></span> <span class='ocrx_word' id='word_1_230' title='bbox 243 2787 287 2838; x_wconf 80' lang='lat' dir='ltr'><strong>pr.</strong></span> <span class='ocrx_word' id='word_1_231' title='bbox 304 2773 332 2824; x_wconf 97' lang='lat' dir='ltr'><strong><em>A</em></strong></span> <span class='ocrx_word' id='word_1_232' title='bbox 348 2769 420 2825; x_wconf 71' lang='lat' dir='ltr'><strong>onir.</strong></span> <span class='ocrx_word' id='word_1_233' title='bbox 436 2772 475 2838; x_wconf 84' lang='grc'><strong>118</strong></span> <span class='ocrx_word' id='word_1_234' title='bbox 494 2770 661 2839; x_wconf 86' lang='lat' dir='ltr'><strong>perstrictus</strong></span> <span class='ocrx_word' id='word_1_235' title='bbox 679 2771 719 2823; x_wconf 85' lang='lat' dir='ltr'><strong>ed.</strong></span> <span class='ocrx_word' id='word_1_236' title='bbox 731 2787 774 2837; x_wconf 78' lang='lat' dir='ltr'><strong>pr.</strong></span> <span class='ocrx_word' id='word_1_237' title='bbox 793 2772 797 2839; x_wconf 78' lang='grc'>1</span> <span class='ocrx_word' id='word_1_238' title='bbox 819 2770 925 2839; x_wconf 88' lang='lat' dir='ltr'><strong>poterit</strong></span> <span class='ocrx_word' id='word_1_239' title='bbox 943 2771 983 2824; x_wconf 87' lang='lat' dir='ltr'><strong>ed.</strong></span> <span class='ocrx_word' id='word_1_240' title='bbox 996 2788 1040 2838; x_wconf 81' lang='lat' dir='ltr'><strong>pr.</strong></span> <span class='ocrx_word' id='word_1_241' title='bbox 1059 2773 1063 2838; x_wconf 94' lang='grc' dir='ltr'>Ι</span> <span class='ocrx_word' id='word_1_242' title='bbox 1078 2769 1137 2839; x_wconf 84' lang='lat' dir='ltr'><strong>pati</strong></span> <span class='ocrx_word' id='word_1_243' title='bbox 1152 2769 1173 2821; x_wconf 89' lang='lat' dir='ltr'><em>L</em></span> 
     </span>
     <span class='ocr_line' id='line_1_29' title="bbox 193 2836 1195 2910; baseline 0 -17"><span class='ocrx_word' id='word_1_244' title='bbox 193 2847 227 2894; x_wconf 92' lang='lat'><strong>10</strong></span> <span class='ocrx_word' id='word_1_245' title='bbox 246 2840 300 2894; x_wconf 90' lang='lat' dir='ltr'><strong>cib.</strong></span> <span class='ocrx_word' id='word_1_246' title='bbox 316 2845 345 2894; x_wconf 88' lang='lat' dir='ltr'><strong>et</strong></span> <span class='ocrx_word' id='word_1_247' title='bbox 363 2858 413 2896; x_wconf 84' lang='lat' dir='ltr'><strong>cm.</strong></span> <span class='ocrx_word' id='word_1_248' title='bbox 429 2844 457 2895; x_wconf 89' lang='lat' dir='ltr'><strong><em>A</em></strong></span> <span class='ocrx_word' id='word_1_249' title='bbox 475 2844 505 2895; x_wconf 89' lang='lat' dir='ltr'><strong>et</strong></span> <span class='ocrx_word' id='word_1_250' title='bbox 522 2858 573 2894; x_wconf 86' lang='lat' dir='ltr'><strong>om.</strong></span> <span class='ocrx_word' id='word_1_251' title='bbox 587 2841 628 2895; x_wconf 86' lang='lat' dir='ltr'><strong>ed.</strong></span> <span class='ocrx_word' id='word_1_252' title='bbox 641 2859 685 2908; x_wconf 77' lang='lat' dir='ltr'><strong>pr.</strong></span> <span class='ocrx_word' id='word_1_253' title='bbox 701 2858 769 2909; x_wconf 79' lang='lat' dir='ltr'><strong>quae</strong></span> <span class='ocrx_word' id='word_1_254' title='bbox 788 2842 904 2910; x_wconf 87' lang='lat' dir='ltr'><strong>sanguis</strong></span> <span class='ocrx_word' id='word_1_255' title='bbox 921 2844 924 2910; x_wconf 88' lang='grc' dir='ltr'>Ι</span> <span class='ocrx_word' id='word_1_256' title='bbox 940 2841 999 2895; x_wconf 85' lang='lat' dir='ltr'><strong>tab.</strong></span> <span class='ocrx_word' id='word_1_257' title='bbox 1020 2843 1057 2895; x_wconf 84' lang='lat' dir='ltr'><strong>ad</strong></span> <span class='ocrx_word' id='word_1_258' title='bbox 1076 2842 1134 2895; x_wconf 87' lang='lat' dir='ltr'><strong>sim.</strong></span> <span class='ocrx_word' id='word_1_259' title='bbox 1147 2836 1195 2893; x_wconf 80' lang='lat' dir='ltr'><strong>arb.</strong></span> 
     </span>
     <span class='ocr_line' id='line_1_30' title="bbox 191 2908 1195 2983; baseline -0.003 -18"><span class='ocrx_word' id='word_1_260' title='bbox 191 2913 239 2966; x_wconf 80' lang='lat' dir='ltr'><strong>rel.</strong></span> <span class='ocrx_word' id='word_1_261' title='bbox 253 2929 304 2966; x_wconf 84' lang='lat' dir='ltr'><strong>cm.</strong></span> <span class='ocrx_word' id='word_1_262' title='bbox 320 2915 347 2967; x_wconf 90' lang='lat' dir='ltr'><strong><em>L</em></strong></span> <span class='ocrx_word' id='word_1_263' title='bbox 360 2912 417 2966; x_wconf 88' lang='lat' dir='ltr'><strong>tab.</strong></span> <span class='ocrx_word' id='word_1_264' title='bbox 438 2928 548 2981; x_wconf 84' lang='lat' dir='ltr'><strong>semper</strong></span> <span class='ocrx_word' id='word_1_265' title='bbox 561 2913 665 2980; x_wconf 86' lang='lat' dir='ltr'><strong>iecurq.</strong></span> <span class='ocrx_word' id='word_1_266' title='bbox 685 2912 745 2966; x_wconf 88' lang='lat' dir='ltr'><strong>eius</strong></span> <span class='ocrx_word' id='word_1_267' title='bbox 761 2912 905 2966; x_wconf 89' lang='lat' dir='ltr'><strong>minuetur</strong></span> <span class='ocrx_word' id='word_1_268' title='bbox 924 2913 963 2966; x_wconf 82' lang='lat' dir='ltr'><strong>cd.</strong></span> <span class='ocrx_word' id='word_1_269' title='bbox 975 2930 1020 2983; x_wconf 78' lang='lat' dir='ltr'><strong>pr.</strong></span> <span class='ocrx_word' id='word_1_270' title='bbox 1040 2913 1098 2967; x_wconf 88' lang='lat' dir='ltr'><strong>tab.</strong></span> <span class='ocrx_word' id='word_1_271' title='bbox 1112 2929 1158 2967; x_wconf 83' lang='lat' dir='ltr'><strong>cm.</strong></span> <span class='ocrx_word' id='word_1_272' title='bbox 1173 2908 1195 2962; x_wconf 86' lang='lat' dir='ltr'><strong><em>A</em></strong></span> 
     </span>
     <span class='ocr_line' id='line_1_31' title="bbox 191 2984 1193 3053; baseline 0.001 -16"><span class='ocrx_word' id='word_1_273' title='bbox 191 2985 241 3051; x_wconf 72' lang='lat' dir='ltr'><strong>qui</strong></span> <span class='ocrx_word' id='word_1_274' title='bbox 258 2984 355 3038; x_wconf 74' lang='lat' dir='ltr'><strong>deinde</strong></span> <span class='ocrx_word' id='word_1_275' title='bbox 373 2984 478 3052; x_wconf 88' lang='lat' dir='ltr'><strong>iecurq.</strong></span> <span class='ocrx_word' id='word_1_276' title='bbox 499 2984 559 3038; x_wconf 89' lang='lat' dir='ltr'><strong>eius</strong></span> <span class='ocrx_word' id='word_1_277' title='bbox 577 2985 721 3038; x_wconf 90' lang='lat' dir='ltr'><strong>minuetur</strong></span> <span class='ocrx_word' id='word_1_278' title='bbox 739 3000 849 3052; x_wconf 88' lang='lat' dir='ltr'><strong>semper</strong></span> <span class='ocrx_word' id='word_1_279' title='bbox 880 2986 889 3052; x_wconf 88' lang='lat' dir='ltr'><strong>l</strong></span> <span class='ocrx_word' id='word_1_280' title='bbox 919 2990 953 3037; x_wconf 78' lang='lat'><strong>12</strong></span> <span class='ocrx_word' id='word_1_281' title='bbox 973 3000 990 3037; x_wconf 88' lang='lat' dir='ltr'><strong>a</strong></span> <span class='ocrx_word' id='word_1_282' title='bbox 1013 3000 1089 3053; x_wconf 88' lang='lat' dir='ltr'><strong>parv.</strong></span> <span class='ocrx_word' id='word_1_283' title='bbox 1108 2984 1145 3038; x_wconf 81' lang='lat' dir='ltr'><strong>ed.</strong></span> <span class='ocrx_word' id='word_1_284' title='bbox 1158 2997 1193 3049; x_wconf 73' lang='lat' dir='ltr'><strong>pr·-</strong></span> 
     </span>
     <span class='ocr_line' id='line_1_32' title="bbox 192 3052 1192 3125; baseline -0.004 -16"><span class='ocrx_word' id='word_1_285' title='bbox 192 3058 218 3109; x_wconf 99' lang='lat' dir='ltr'><strong><em>A</em></strong></span> <span class='ocrx_word' id='word_1_286' title='bbox 246 3057 256 3123; x_wconf 82' lang='grc' dir='ltr'><strong>ΙΙ</strong></span> <span class='ocrx_word' id='word_1_287' title='bbox 286 3060 318 3106; x_wconf 88' lang='grc'><strong>14</strong></span> <span class='ocrx_word' id='word_1_288' title='bbox 337 3056 464 3109; x_wconf 82' lang='lat' dir='ltr'><strong>tentatur</strong></span> <span class='ocrx_word' id='word_1_289' title='bbox 482 3056 590 3109; x_wconf 85' lang='lat' dir='ltr'><strong>occurri</strong></span> <span class='ocrx_word' id='word_1_290' title='bbox 608 3057 649 3109; x_wconf 80' lang='lat' dir='ltr'><strong>ecl.</strong></span> <span class='ocrx_word' id='word_1_291' title='bbox 660 3073 705 3123; x_wconf 75' lang='lat' dir='ltr'><strong>pr.</strong></span> <span class='ocrx_word' id='word_1_292' title='bbox 734 3058 744 3125; x_wconf 84' lang='grc' dir='ltr'><strong>ΙΙ</strong></span> <span class='ocrx_word' id='word_1_293' title='bbox 773 3062 804 3108; x_wconf 77' lang='grc'><strong>16</strong></span> <span class='ocrx_word' id='word_1_294' title='bbox 824 3056 854 3108; x_wconf 92' lang='lat' dir='ltr'><strong>in</strong></span> <span class='ocrx_word' id='word_1_295' title='bbox 872 3055 971 3123; x_wconf 87' lang='lat' dir='ltr'><strong>primis</strong></span> <span class='ocrx_word' id='word_1_296' title='bbox 990 3055 1065 3110; x_wconf 86' lang='lat' dir='ltr'><strong>hanc</strong></span> <span class='ocrx_word' id='word_1_297' title='bbox 1083 3055 1102 3110; x_wconf 83' lang='lat' dir='ltr'><strong>f.</strong></span> <span class='ocrx_word' id='word_1_298' title='bbox 1116 3073 1140 3108; x_wconf 91' lang='lat' dir='ltr'><strong>u.</strong></span> <span class='ocrx_word' id='word_1_299' title='bbox 1153 3052 1175 3105; x_wconf 89' lang='lat' dir='ltr'><strong><em>P</em></strong></span> <span class='ocrx_word' id='word_1_300' title='bbox 1190 3053 1192 3066; x_wconf 91' lang='lat'>&#39;</span> 
     </span>
     <span class='ocr_line' id='line_1_33' title="bbox 190 3124 1194 3196; baseline -0.001 -18"><span class='ocrx_word' id='word_1_301' title='bbox 190 3124 241 3180; x_wconf 88' lang='lat' dir='ltr'><strong>lib.</strong></span> <span class='ocrx_word' id='word_1_302' title='bbox 256 3124 294 3178; x_wconf 89' lang='lat' dir='ltr'><strong>Ill</strong></span> <span class='ocrx_word' id='word_1_303' title='bbox 310 3128 337 3180; x_wconf 88' lang='lat' dir='ltr'><strong><em>A</em></strong></span> <span class='ocrx_word' id='word_1_304' title='bbox 355 3124 404 3179; x_wconf 91' lang='lat' dir='ltr'><strong>lib.</strong></span> <span class='ocrx_word' id='word_1_305' title='bbox 419 3126 444 3179; x_wconf 90' lang='grc' dir='ltr'>Π</span> <span class='ocrx_word' id='word_1_306' title='bbox 458 3127 498 3180; x_wconf 88' lang='lat' dir='ltr'><strong>ed.</strong></span> <span class='ocrx_word' id='word_1_307' title='bbox 510 3144 554 3196; x_wconf 75' lang='lat' dir='ltr'><strong>pr.</strong></span> <span class='ocrx_word' id='word_1_308' title='bbox 571 3128 599 3181; x_wconf 94' lang='lat' dir='ltr'><strong><em>P</em></strong></span> <span class='ocrx_word' id='word_1_309' title='bbox 613 3128 686 3181; x_wconf 67' lang='lat' dir='ltr'><strong>cair.</strong></span> <span class='ocrx_word' id='word_1_310' title='bbox 707 3142 787 3180; x_wconf 87' lang='lat' dir='ltr'><strong>cerae</strong></span> <span class='ocrx_word' id='word_1_311' title='bbox 806 3125 854 3180; x_wconf 92' lang='lat' dir='ltr'><strong>lib.</strong></span> <span class='ocrx_word' id='word_1_312' title='bbox 870 3126 883 3179; x_wconf 95' lang='grc' dir='ltr'>Ι</span> <span class='ocrx_word' id='word_1_313' title='bbox 897 3127 923 3180; x_wconf 91' lang='lat' dir='ltr'><em>L</em></span> <span class='ocrx_word' id='word_1_314' title='bbox 938 3129 987 3194; x_wconf 78' lang='lat' dir='ltr'><strong>qui</strong></span> <span class='ocrx_word' id='word_1_315' title='bbox 1004 3143 1058 3181; x_wconf 87' lang='lat' dir='ltr'><strong>res.</strong></span> <span class='ocrx_word' id='word_1_316' title='bbox 1071 3130 1121 3182; x_wconf 85' lang='lat' dir='ltr'><strong>ter.</strong></span> <span class='ocrx_word' id='word_1_317' title='bbox 1134 3141 1176 3179; x_wconf 68' lang='lat' dir='ltr'><strong>cci⁴</strong></span> <span class='ocrx_word' id='word_1_318' title='bbox 1187 3137 1194 3182; x_wconf 58' lang='grc'><strong>,1</strong></span> 
     </span>
     <span class='ocr_line' id='line_1_34' title="bbox 193 3187 1194 3268; baseline -0.007 -18"><span class='ocrx_word' id='word_1_319' title='bbox 193 3203 225 3250; x_wconf 76' lang='grc'><strong>17</strong></span> <span class='ocrx_word' id='word_1_320' title='bbox 246 3197 395 3267; x_wconf 88' lang='lat' dir='ltr'><strong>propoleos</strong></span> <span class='ocrx_word' id='word_1_321' title='bbox 409 3199 435 3251; x_wconf 93' lang='lat' dir='ltr'><em>L</em></span> <span class='ocrx_word' id='word_1_322' title='bbox 453 3198 615 3268; x_wconf 89' lang='lat' dir='ltr'><strong>propulegii</strong></span> <span class='ocrx_word' id='word_1_323' title='bbox 629 3199 669 3251; x_wconf 83' lang='lat' dir='ltr'><strong>ed.</strong></span> <span class='ocrx_word' id='word_1_324' title='bbox 681 3215 725 3266; x_wconf 76' lang='lat' dir='ltr'><strong>pr.</strong></span> <span class='ocrx_word' id='word_1_325' title='bbox 744 3197 940 3266; x_wconf 87' lang='lat' dir='ltr'><strong>propoleigion</strong></span> <span class='ocrx_word' id='word_1_326' title='bbox 955 3200 983 3252; x_wconf 89' lang='lat' dir='ltr'><strong><em>A</em></strong></span> <span class='ocrx_word' id='word_1_327' title='bbox 1001 3198 1116 3267; x_wconf 88' lang='lat' dir='ltr'><strong>populei</strong></span> <span class='ocrx_word' id='word_1_328' title='bbox 1132 3187 1194 3249; x_wconf 86' lang='lat' dir='ltr'><strong>lib.1</strong></span> 
     </span>
     <span class='ocr_line' id='line_1_35' title="bbox 193 3263 1194 3339; baseline -0.002 -15"><span class='ocrx_word' id='word_1_329' title='bbox 193 3271 221 3324; x_wconf 95' lang='lat' dir='ltr'><strong><em>P</em></strong></span> <span class='ocrx_word' id='word_1_330' title='bbox 235 3271 241 3339; x_wconf 77' lang='grc'>1</span> <span class='ocrx_word' id='word_1_331' title='bbox 257 3268 289 3322; x_wconf 84' lang='lat' dir='ltr'><strong>ir.</strong></span> <span class='ocrx_word' id='word_1_332' title='bbox 304 3268 347 3323; x_wconf 84' lang='lat'>111.</span> <span class='ocrx_word' id='word_1_333' title='bbox 358 3267 407 3321; x_wconf 91' lang='lat' dir='ltr'><strong>lib.</strong></span> <span class='ocrx_word' id='word_1_334' title='bbox 422 3270 514 3336; x_wconf 74' lang='lat' dir='ltr'><strong>edpr.</strong></span> <span class='ocrx_word' id='word_1_335' title='bbox 530 3269 645 3323; x_wconf 89' lang='lat' dir='ltr'><strong>seminis</strong></span> <span class='ocrx_word' id='word_1_336' title='bbox 658 3268 770 3323; x_wconf 89' lang='lat' dir='ltr'><strong>malvae</strong></span> <span class='ocrx_word' id='word_1_337' title='bbox 783 3268 832 3322; x_wconf 89' lang='lat' dir='ltr'><strong>lib.</strong></span> <span class='ocrx_word' id='word_1_338' title='bbox 844 3286 865 3322; x_wconf 89' lang='lat' dir='ltr'><strong>s.</strong></span> <span class='ocrx_word' id='word_1_339' title='bbox 875 3270 903 3323; x_wconf 92' lang='lat' dir='ltr'><strong><em>P</em></strong></span> <span class='ocrx_word' id='word_1_340' title='bbox 917 3271 921 3337; x_wconf 87' lang='grc'>1</span> <span class='ocrx_word' id='word_1_341' title='bbox 939 3284 1023 3322; x_wconf 87' lang='lat' dir='ltr'><strong>sams.</strong></span> <span class='ocrx_word' id='word_1_342' title='bbox 1038 3268 1086 3322; x_wconf 85' lang='lat' dir='ltr'><strong>lib.</strong></span> <span class='ocrx_word' id='word_1_343' title='bbox 1096 3270 1133 3322; x_wconf 81' lang='lat' dir='ltr'><strong>ed.</strong></span> <span class='ocrx_word' id='word_1_344' title='bbox 1140 3283 1176 3336; x_wconf 81' lang='lat' dir='ltr'><strong>pr.</strong></span> <span class='ocrx_word' id='word_1_345' title='bbox 1187 3263 1194 3288; x_wconf 71' lang='lat'><strong>&#39;⁵</strong></span> 
     </span>
     <span class='ocr_line' id='line_1_36' title="bbox 194 3335 1174 3409; baseline -0.003 -17"><span class='ocrx_word' id='word_1_346' title='bbox 194 3346 226 3393; x_wconf 85' lang='lat'><strong>18</strong></span> <span class='ocrx_word' id='word_1_347' title='bbox 246 3338 302 3394; x_wconf 87' lang='lat' dir='ltr'><strong>olei</strong></span> <span class='ocrx_word' id='word_1_348' title='bbox 320 3339 339 3392; x_wconf 93' lang='lat' dir='ltr'><strong>l.</strong></span> <span class='ocrx_word' id='word_1_349' title='bbox 355 3340 394 3392; x_wconf 83' lang='lat' dir='ltr'><strong>ed.</strong></span> <span class='ocrx_word' id='word_1_350' title='bbox 407 3356 451 3406; x_wconf 78' lang='lat' dir='ltr'><strong>pr.</strong></span> <span class='ocrx_word' id='word_1_351' title='bbox 468 3340 545 3407; x_wconf 80' lang='grc' dir='ltr'><strong>ΑΡΙ</strong></span> <span class='ocrx_word' id='word_1_352' title='bbox 562 3340 631 3393; x_wconf 86' lang='lat' dir='ltr'><strong>satis</strong></span> <span class='ocrx_word' id='word_1_353' title='bbox 650 3357 701 3394; x_wconf 74' lang='lat' dir='ltr'><strong>orn.</strong></span> <span class='ocrx_word' id='word_1_354' title='bbox 717 3342 766 3409; x_wconf 68' lang='lat' dir='ltr'><strong>Lu</strong></span> <span class='ocrx_word' id='word_1_355' title='bbox 782 3346 814 3393; x_wconf 85' lang='lat'><strong>19</strong></span> <span class='ocrx_word' id='word_1_356' title='bbox 833 3340 905 3394; x_wconf 91' lang='lat' dir='ltr'><strong>lenti</strong></span> <span class='ocrx_word' id='word_1_357' title='bbox 922 3342 973 3393; x_wconf 89' lang='lat' dir='ltr'><strong>sed</strong></span> <span class='ocrx_word' id='word_1_358' title='bbox 993 3342 1019 3394; x_wconf 90' lang='lat' dir='ltr'><em>L</em></span> <span class='ocrx_word' id='word_1_359' title='bbox 1035 3344 1039 3409; x_wconf 78' lang='lat'>1</span> <span class='ocrx_word' id='word_1_360' title='bbox 1056 3335 1174 3395; x_wconf 88' lang='lat' dir='ltr'><strong>cerutiL</strong></span> 
     </span>
     <span class='ocr_line' id='line_1_37' title="bbox 192 3409 1192 3481; baseline 0 -17"><span class='ocrx_word' id='word_1_361' title='bbox 192 3409 352 3478; x_wconf 87' lang='lat' dir='ltr'><strong>perlocabis</strong></span> <span class='ocrx_word' id='word_1_362' title='bbox 371 3411 411 3462; x_wconf 84' lang='lat' dir='ltr'><strong>ed.</strong></span> <span class='ocrx_word' id='word_1_363' title='bbox 423 3426 467 3475; x_wconf 78' lang='lat' dir='ltr'><strong>pr.</strong></span> <span class='ocrx_word' id='word_1_364' title='bbox 484 3411 511 3462; x_wconf 93' lang='lat' dir='ltr'><strong><em>A</em></strong></span> <span class='ocrx_word' id='word_1_365' title='bbox 528 3410 687 3476; x_wconf 86' lang='lat' dir='ltr'><strong>percolabis</strong></span> <span class='ocrx_word' id='word_1_366' title='bbox 702 3414 730 3464; x_wconf 90' lang='lat' dir='ltr'><strong><em>P</em></strong></span> <span class='ocrx_word' id='word_1_367' title='bbox 741 3414 751 3479; x_wconf 86' lang='grc' dir='ltr'><strong>ΙΙ</strong></span> <span class='ocrx_word' id='word_1_368' title='bbox 765 3416 799 3463; x_wconf 78' lang='lat'><strong>20</strong></span> <span class='ocrx_word' id='word_1_369' title='bbox 818 3413 847 3464; x_wconf 91' lang='lat' dir='ltr'><strong>te</strong></span> <span class='ocrx_word' id='word_1_370' title='bbox 868 3410 916 3464; x_wconf 90' lang='lat' dir='ltr'><strong>ido</strong></span> <span class='ocrx_word' id='word_1_371' title='bbox 933 3413 961 3465; x_wconf 91' lang='lat' dir='ltr'><strong><em>P</em></strong></span> <span class='ocrx_word' id='word_1_372' title='bbox 975 3413 979 3481; x_wconf 71' lang='grc'><strong>4</strong></span> <span class='ocrx_word' id='word_1_373' title='bbox 995 3412 1096 3466; x_wconf 84' lang='lat' dir='ltr'><strong>misces</strong></span> <span class='ocrx_word' id='word_1_374' title='bbox 1113 3410 1149 3464; x_wconf 82' lang='lat' dir='ltr'><strong>ed.</strong></span> <span class='ocrx_word' id='word_1_375' title='bbox 1157 3422 1192 3475; x_wconf 73' lang='lat' dir='ltr'><strong>pr·</strong></span> 
     </span>
     <span class='ocr_line' id='line_1_38' title="bbox 193 3430 1173 3550; baseline 0 -18"><span class='ocrx_word' id='word_1_376' title='bbox 193 3480 240 3533; x_wconf 87' lang='lat' dir='ltr'><strong>cui</strong></span> <span class='ocrx_word' id='word_1_377' title='bbox 258 3481 352 3534; x_wconf 89' lang='lat' dir='ltr'><strong>adhuc</strong></span> <span class='ocrx_word' id='word_1_378' title='bbox 370 3479 554 3547; x_wconf 86' lang='lat' dir='ltr'><strong>reuponticon</strong></span> <span class='ocrx_word' id='word_1_379' title='bbox 574 3481 669 3533; x_wconf 86' lang='lat' dir='ltr'><strong>miscis</strong></span> <span class='ocrx_word' id='word_1_380' title='bbox 689 3482 716 3534; x_wconf 91' lang='lat' dir='ltr'><strong><em>A</em></strong></span> <span class='ocrx_word' id='word_1_381' title='bbox 732 3484 736 3549; x_wconf 84' lang='grc' dir='ltr'>Ι</span> <span class='ocrx_word' id='word_1_382' title='bbox 752 3482 823 3534; x_wconf 86' lang='lat' dir='ltr'><strong>turis</strong></span> <span class='ocrx_word' id='word_1_383' title='bbox 841 3430 955 3550; x_wconf 73' lang='lat' dir='ltr'><strong>Illyriae</strong></span> <span class='ocrx_word' id='word_1_384' title='bbox 973 3500 1008 3538; x_wconf 76' lang='lat' dir='ltr'><strong>ec</strong></span> <span class='ocrx_word' id='word_1_385' title='bbox 1026 3486 1082 3537; x_wconf 87' lang='lat' dir='ltr'><strong>tres</strong></span> <span class='ocrx_word' id='word_1_386' title='bbox 1101 3482 1135 3535; x_wconf 90' lang='lat' dir='ltr'><strong>-ci</strong></span> <span class='ocrx_word' id='word_1_387' title='bbox 1153 3479 1173 3532; x_wconf 94' lang='lat' dir='ltr'><em>L</em></span> 
     </span>
     <span class='ocr_line' id='line_1_39' title="bbox 194 3549 1031 3621; baseline 0.01 -20"><span class='ocrx_word' id='word_1_388' title='bbox 194 3556 227 3601; x_wconf 74' lang='grc'><strong>11</strong></span> <span class='ocrx_word' id='word_1_389' title='bbox 249 3553 278 3603; x_wconf 87' lang='lat' dir='ltr'><strong>et</strong></span> <span class='ocrx_word' id='word_1_390' title='bbox 295 3550 403 3618; x_wconf 87' lang='lat' dir='ltr'><strong>pariter</strong></span> <span class='ocrx_word' id='word_1_391' title='bbox 422 3549 449 3600; x_wconf 90' lang='lat' dir='ltr'><strong><em>P</em></strong></span> <span class='ocrx_word' id='word_1_392' title='bbox 466 3564 516 3602; x_wconf 83' lang='lat' dir='ltr'><strong>om.</strong></span> <span class='ocrx_word' id='word_1_393' title='bbox 531 3550 571 3601; x_wconf 84' lang='lat' dir='ltr'><strong>ed.</strong></span> <span class='ocrx_word' id='word_1_394' title='bbox 583 3568 627 3616; x_wconf 77' lang='lat' dir='ltr'><strong>pr.</strong></span> <span class='ocrx_word' id='word_1_395' title='bbox 643 3554 669 3602; x_wconf 91' lang='lat' dir='ltr'><strong><em>A</em></strong></span> <span class='ocrx_word' id='word_1_396' title='bbox 686 3555 690 3619; x_wconf 80' lang='grc' dir='ltr'>Ι</span> <span class='ocrx_word' id='word_1_397' title='bbox 706 3552 872 3621; x_wconf 85' lang='lat' dir='ltr'><strong>infrigescat</strong></span> <span class='ocrx_word' id='word_1_398' title='bbox 890 3555 930 3608; x_wconf 85' lang='lat' dir='ltr'><strong>cd.</strong></span> <span class='ocrx_word' id='word_1_399' title='bbox 943 3571 988 3621; x_wconf 79' lang='lat' dir='ltr'><strong>pr.</strong></span> <span class='ocrx_word' id='word_1_400' title='bbox 1004 3557 1031 3609; x_wconf 90' lang='lat' dir='ltr'><strong><em>A</em></strong></span> 
     </span>
    </p>
   </div>
   <div class='ocr_carea' id='block_1_5' title="bbox 0 0 1275 3892">
    <p class='ocr_par' dir='ltr' id='par_1_5' title="bbox 0 0 1275 3892">
     <span class='ocr_line' id='line_1_40' title="bbox 0 0 1275 3892; baseline 0 0"><span class='ocrx_word' id='word_1_401' title='bbox 0 0 1275 3892; x_wconf 95' lang='lat' dir='ltr'><strong> </strong></span> 
     </span>
    </p>
   </div>
  </div>
 </body>
</html>
