2509 3892
198 199 243 263 54
615 249 618 259 Δ
636 196 771 251 VBGETI

160 369 254 426 bnon
291 365 408 440 debere,
440 385 511 424 nam
546 368 692 442 perpetua
724 366 862 425 debilitas
898 368 1100 442 consequitur.
1155 366 1208 425 Sed

194 456 299 515 melius
330 456 387 529 est,
418 473 485 513 cnm
514 454 587 514 lccis
616 457 678 515 suis
708 457 839 531 reposita
868 455 981 514 fuerint
1011 459 1042 515 et
1070 456 1207 534 ligaturis

194 544 367 621 diligentius
404 545 586 603 communita
622 546 713 619 atque
744 546 790 603 ita
823 546 949 602 naturae
985 544 1208 620 industriaeque
1235 581 1236 598 1

192 632 334 692 beneficio
366 634 568 709 corroborata,
598 633 748 692 calasticis
778 633 967 692 unctionibus
998 635 1030 692 et
1052 635 1208 711 malagmis
1235 633 1236 688 i

194 723 232 782 ad
253 725 436 798 postremum
459 723 599 781 causticis
628 721 732 781 eadem
754 740 910 798 percurato
938 722 977 780 ad
1000 742 1085 798 spem
1108 739 1236 799 perpe-s

160 813 263 871 ltuae
299 813 447 871 sanitatis.
500 810 584 880 Quod
621 810 791 887 specialiter
827 810 1048 870 admonendum
1084 815 1145 886 est,
1176 829 1207 870 ne

192 900 383 960 mulomedici
405 900 590 975 festinantes,
613 900 684 958 dum
702 901 768 959 foco
792 918 895 976 curare
914 903 1047 976 cupiunt,
1067 901 1208 960 animalia

193 989 351 1049 debilitent
387 990 440 1048 aut
480 988 659 1063 deforment,
700 1007 767 1047 cum
807 988 987 1064 flebotomis,
1027 990 1207 1065 potionibus,
1236 989 1237 1022 ³

193 1081 366 1157 unguentis,
398 1077 527 1156 syringio
566 1077 870 1153 medicaminibusque
906 1077 1031 1138 diversis
1070 1081 1143 1139 ante
1173 1080 1207 1137 sit

192 1168 368 1243 temptanda
390 1169 519 1242 curatio,
547 1169 578 1225 et
604 1168 631 1225 si
658 1167 734 1225 nihil
756 1168 950 1243 profecerint,
979 1167 1017 1226 ad
1046 1172 1235 1227 extremumu

191 1257 270 1334 ignis
294 1255 459 1315 adhibetur.

354 1445 488 1510 XXIX.
511 1445 562 1510 Dc
580 1446 727 1527 passione
750 1451 778 1509 ct
799 1447 883 1511 curis
903 1447 1049 1528 febrium.

47 1586 175 1629 111501111.
259 1574 457 1651 Quaecunque
486 1577 639 1651 passiones
671 1576 738 1651 plus
770 1577 911 1635 iumentis
943 1578 1073 1651 periculi
1100 1577 1204 1636 inferre

192 1668 408 1723 consueverunt
439 1668 469 1724 et
501 1664 719 1725 difficilioribus
757 1665 1036 1742 obscurioribusque
1073 1666 1204 1745 indigent
1238 1713 1239 1734 ,

192 1756 283 1827 curis,
310 1755 375 1820 has¹
391 1755 487 1828 primo
516 1754 723 1829 amplectimur
749 1754 840 1828 libro,
870 1756 958 1813 utet
983 1755 1105 1815 facilius
1129 1767 1239 1830 repes,

190 1844 320 1916 riantur,
352 1861 428 1918 quae
458 1844 492 1901 in
521 1843 649 1903 exordiis
676 1844 749 1919 ipsis
781 1846 949 1917 occurrent,
979 1847 1009 1903 et
1040 1844 1203 1923 legentibus

158 1932 347 1992 2fastidium
376 1950 436 1990 non
465 1934 580 2007 possint
610 1932 733 1992 adferre.
776 1931 983 1992 Febrientibus
1013 1935 1119 2009 itaque
1148 1933 1204 1991 ani-

191 2020 319 2080 malibus
359 2040 449 2096 quam
488 2023 619 2097 primum
656 2021 795 2080 convenit
831 2021 1001 2096 subvenire,
1042 2041 1115 2082 nam
1151 2039 1203 2079 non
1239 2073 1240 2112 ζ

264 2215 277 2260 1
298 2208 425 2276 sequitur
443 2209 471 2262 A
496 2211 501 2277 l
534 2214 549 2261 2
568 2210 601 2262 ut
619 2223 684 2262 eum
701 2207 796 2263 AFP
825 2210 829 2276 Ι
862 2208 997 2277 imposita
1015 2208 1105 2264 fuerit
1123 2208 1180 2265 AF
1194 2205 1203 2276 ll

192 2286 208 2334 3
228 2279 412 2350 diligentibus
427 2281 455 2334 P
471 2279 501 2332 di
512 2280 622 2349 igenter
641 2280 668 2333 A
683 2295 732 2333 om.
748 2278 779 2332 F
792 2279 796 2350 l
817 2280 974 2349 composita
993 2282 1021 2335 P
1038 2278 1203 2334 commonita

192 2354 220 2407 A
233 2351 269 2406 al.
285 2350 440 2420 composita
459 2352 534 2405 cfflta
551 2352 591 2406 sic
609 2350 640 2404 F
662 2354 666 2420 Ι
691 2350 874 2419 industriaeq.
890 2367 940 2406 cm.
957 2353 985 2406 P
1009 2354 1019 2421 ll
1041 2358 1058 2405 4
1077 2351 1203 2406 roborate

191 2478 253 2533 FP
274 2479 279 2545 1
303 2478 336 2530 ut
353 2476 405 2531 cal.
422 2476 482 2531 FA
506 2476 510 2548 Ι
536 2474 677 2530 colesticis
696 2474 736 2529 cd.
750 2492 796 2543 pr.
817 2473 958 2529 celesticis
977 2477 1005 2531 P
1022 2438 1163 2543 calgsticis
1180 2470 1206 2527 F

192 2548 346 2672 eeliillieis
366 2602 393 2655 A
412 2599 588 2654 cclacasticis
609 2599 635 2653 G
662 2603 666 2670 Ι
695 2598 852 2669 malagmas
871 2600 902 2654 F
926 2603 935 2670 {l
963 2603 1027 2655 bet
1045 2600 1084 2653 ad
1103 2602 1202 2670 postte·

191 2743 269 2778 mum
283 2726 311 2779 P
323 2724 360 2777 ad
377 2741 428 2778 om.
443 2725 483 2778 ed.
494 2741 539 2793 pr.
560 2725 564 2792 Ι
585 2723 717 2779 causticis
736 2724 776 2777 ed.
787 2741 832 2792 pr.
852 2724 994 2778 calasticis
1009 2725 1069 2779 FP
1075 2672 1202 2796 c‹iblllticis

191 2796 220 2850 A
238 2794 351 2848 oasticie
370 2794 433 2849 cola
453 2795 480 2849 G
494 2797 499 2864 l
515 2811 664 2863 procurare
683 2795 743 2850 FA
756 2797 765 2864 ΙΙ
780 2801 795 2848 6
815 2798 844 2848 et
862 2813 903 2864 sp.
918 2795 999 2865 AF!
1016 2794 1201 2852 admonendus

192 2868 220 2920 A
233 2867 243 2934 ΙΙ
257 2870 272 2917 ‘1
287 2865 520 2919 mulomedicinac
539 2863 704 2931 festinantes
718 2867 742 2934 (s
756 2883 790 2921 cx
802 2869 826 2935 r)
846 2883 910 2920 cum
926 2865 998 2920 ferro
1013 2868 1041 2922 A
1054 2869 1064 2936 l
1079 2873 1095 2922 8
1115 2864 1201 2937 potius

192 2939 295 2991 necant
318 2936 466 3007 [ouprosm
487 2935 522 2990 al.
541 2937 635 3008 vacat]
658 2939 743 3005 atque
767 2936 926 2992 deformant
944 2939 972 2992 A
1005 2937 1009 3009 Ι
1048 2942 1099 2991 aut
1117 2957 1144 3008 p.
1158 2935 1187 2991 F
1193 2933 1202 3002 ll

192 3007 419 3134 ὢὲζωςίὶοὲη.
436 3007 514 3079 FP!
531 3011 561 3062 at
579 3008 617 3062 sit
637 3010 778 3077 temptata
796 3010 824 3064 A
846 3012 856 3078 ΙΙ
884 3014 917 3063 10
936 3008 1088 3077 profeceris
1109 3009 1155 3077 F!
1170 3003 1201 3059 sd

277 3096 325 3132 um

265 3156 297 3204 12
312 3166 385 3219 pass.
401 3151 553 3218 etom.Pll
568 3148 773 3218 13afferrePll
788 3156 821 3204 14
836 3150 984 3221 etomPl
1001 3148 1200 3206 (1111911111-

192 3221 269 3276 ribus
282 3221 380 3276 Pdiff.
395 3221 431 3275 al.
447 3220 605 3275 durioribus
624 3221 698 3276 obsc.
714 3240 741 3290 q.
756 3222 787 3276 F
810 3224 820 3291 ΙΙ
848 3227 881 3276 15
895 3239 951 3275 uno
970 3221 1071 3292 compl.
1088 3224 1116 3277 P
1137 3223 1142 3292 Ι
1164 3220 1201 3274 in·

192 3292 359 3375 telligautur
377 3293 438 3347 FA
468 3295 478 3361 l
510 3298 543 3346 16
562 3292 632 3361 ipsis
660 3294 700 3348 ed.
719 3310 764 3362 pr.
784 3293 873 3362 ipsius
897 3294 974 3349 codd.
1014 3295 1018 3362 1
1057 3311 1115 3349 ccc.
1136 3309 1168 3346 ne
1184 3288 1199 3342 l.

193 3367 303 3433 possmt
321 3362 340 3417 f.
356 3380 380 3419 a.
396 3366 423 3419 P
435 3366 444 3432 ΙΙ
459 3368 491 3416 17
511 3365 626 3432 possent
644 3365 672 3417 A
687 3366 768 3432 {post
786 3364 895 3418 adscire
913 3366 954 3419 tit.
983 3364 1024 3419 De
1043 3366 1117 3419 curis
1136 3376 1199 3433 quae

194 3434 286 3503 prima
302 3438 367 3490 sunt
381 3436 421 3489 ed.
432 3451 477 3503 pr.
506 3433 547 3487 De
566 3435 640 3487 curis
654 3452 695 3503 pr.
711 3437 776 3487 sunt
790 3451 863 3503 quac
876 3434 945 3489 febr.
960 3437 996 3491 A.
1028 3435 1124 3491 Prima
1141 3433 1199 3490 eunt

194 3522 267 3573 quae
281 3505 301 3559 f.
315 3506 350 3560 F.
379 3505 420 3560 De
433 3503 601 3558 lassitudine
619 3520 693 3573 quae
709 3503 820 3558 videtur
837 3504 963 3560 febribus
977 3506 1078 3562 similis
1093 3510 1121 3563 P
1133 3511 1138 3578 l
1152 3507 1201 3561 ita·

218 3592 249 3630 ue
267 3578 430 3646 om.P1118
448 3591 534 3643 quam
552 3591 602 3630 om.
617 3576 657 3629 cd.
668 3592 714 3644 pr.
729 3576 792 3629 AF
805 3577 809 3647 Ι
825 3576 893 3648 non]
913 3594 968 3646 quo
988 3580 1016 3633 P
