2509 3892
165 134 229 196 218
604 131 740 200 vedum

164 303 325 360 cousuevit.
372 300 427 360 Oui
454 321 507 376 per
534 320 620 360 neres
647 300 797 364 suffundes
824 303 904 361 leser
931 301 1169 378 Cyrenaicumin

164 392 234 449 rino
256 390 359 465 tepido
381 390 555 450 resolutum.

378 598 515 663 CXXV.
539 598 589 662 Dc
612 601 691 663 tussi
713 600 815 663 omnis
835 602 964 680 pennis.

55 721 200 816 {fflglsffff
246 730 396 805 Frequens
426 731 456 786 et
485 729 617 788 deforme
645 729 754 787 vitium
781 734 811 787 et
842 729 922 805 quod
948 730 1094 794 maximae
1116 729 1169 788 eni·

198 820 325 879 melium
343 821 424 894 perti
446 817 564 891 eccidit,
587 819 678 879 tussis
702 821 755 879 est.
802 817 883 887 Quae
901 820 1054 880 interdum
1075 821 1170 895 sponte
1191 836 1199 874 s

163 909 283 983 desinit,
307 907 457 966 interdum
481 906 764 966 medicamentorum
787 908 903 967 ratione
928 912 1063 983 curetur,
1089 910 1170 967 inter·

163 998 233 1056 dum
251 997 427 1056 insanabilis
445 997 564 1072 penitus
583 996 742 1055 invenitur.
780 995 951 1057 Difficultas
973 1002 1074 1056 eutem
1096 1016 1170 1056 curn-

162 1088 253 1146 tionis
277 1085 416 1163 emergit,
444 1085 658 1161 quisnamne,
687 1085 853 1164 exquibus
876 1089 967 1147 tussis
991 1087 1133 1159 evenerit,
1156 1105 1171 1143 e

163 1175 348 1235 medentibus
375 1194 429 1233 nec
459 1174 668 1233 discernuntur
696 1194 750 1233 nec
780 1176 994 1254 intelligrmtur
1019 1176 1171 1236 interdum.

162 1264 258 1333 Quum
295 1266 463 1340 passionem
501 1266 647 1323 universis
684 1265 857 1324 auctoribus
889 1266 1030 1340 evolutis,
1069 1268 1200 1341 quenton

162 1354 293 1412 crebrius
312 1354 435 1427 eccidit,
462 1355 548 1412 tento
573 1353 736 1413 studiosius
764 1354 942 1416 credidimus
967 1354 1170 1431 exponendum.

164 1562 259 1625 CXX
266 1563 320 1625 VI.
343 1561 394 1625 De
416 1563 494 1625 tussi
516 1583 595 1642 quoe
617 1563 853 1643 veniretque
873 1564 1019 1644 foncelree
1040 1563 1168 1628 tenuit.

54 1684 91 1723 111
98 1685 124 1725 62
132 1682 198 1723 Geen.

55 1737 184 1778 ,mem
245 1693 441 1767 Euesperetio
471 1695 524 1749 eut
555 1694 667 1749 iniuria
696 1691 828 1750 faucium
860 1692 1069 1769 gravissimum
1100 1712 1168 1752 eom·

201 1782 301 1838 movet
323 1781 437 1855 tussim,
461 1783 598 1857 quotiens
622 1785 676 1839 out
698 1781 778 1856 pilus
802 1784 855 1839 eut
878 1782 972 1840 ariste
995 1787 1049 1840 aut
1071 1802 1102 1841 os
1124 1784 1168 1840 eut

162 1870 300 1928 surculus
324 1873 378 1928 eut
394 1870 517 1945 lapillus
541 1873 594 1928 eut
612 1870 730 1945 aliquid
751 1870 913 1929 inhaeserit
931 1873 1056 1948 gutturi.
1096 1870 1167 1941 Quae
1179 1883 1197 1923 u

161 1978 208 2017 res
232 1959 305 2016 adeo
329 1959 495 2034 periculose
519 1964 573 2031 est,
596 1962 631 2017 ut
653 1960 713 2017 nisi
732 1958 867 2017 celeriter
890 1959 1091 2034 subveniatur,
1114 1959 1166 2017 eui-

161 2047 290 2107 melibus
320 2067 373 2122 per
402 2049 623 2124 impatientiam
654 2050 765 2107 doloris
794 2048 942 2108 insaniem
973 2053 1100 2127 generet.
1137 2048 1167 2105 ln

162 2139 223 2196 sole
253 2138 347 2215 igitur
377 2137 536 2215 diligenter
563 2138 716 2213 inspicite,
747 2140 777 2196 et
796 2140 822 2196 si
851 2139 924 2214 quid
948 2140 1018 2212 erit,
1049 2139 1166 2197 evellito.

127 2227 205 2284 nux
228 2227 332 2304 tepide
350 2228 450 2299 etiem,
473 2227 576 2284 addito
600 2227 673 2285 nitri
691 2228 823 2303 pulvere,
845 2227 945 2286 intusa
963 2230 1089 2307 spongia
1109 2246 1166 2302 per·

160 2319 278 2395 tergito.
324 2316 438 2374 Deinde
462 2316 527 2374 oleo
550 2333 635 2375 roseo
658 2317 760 2390 tepido
789 2335 856 2374 eum
878 2319 949 2375 lena
972 2317 1109 2376 obturato
1130 2317 1196 2373 lou

159 2424 238 2479 cum,
269 2406 320 2482 qui
343 2404 581 2483 indignationem
605 2406 741 2463 sustinet.
786 2404 860 2463 Post
887 2405 966 2464 diem
989 2408 1108 2465 tertium
1130 2406 1165 2463 le-

232 2665 282 2716 11.
308 2668 336 2716 et
359 2665 501 2730 cyrineum
529 2664 568 2718 cd.
584 2682 629 2732 pr.
650 2662 668 2715 1.
692 2664 835 2732 cyrineum
859 2667 887 2719 P
907 2664 925 2717 l.
951 2665 1098 2720 cirmeicus
1119 2663 1163 2722 Al

158 2734 241 2787 initio
260 2752 281 2788 r.
302 2737 378 2803 Ρ112
399 2735 521 2789 solutum
540 2737 579 2790 ed.
590 2752 635 2803 pr.
654 2733 775 2788 refectus
795 2738 822 2790 A

230 2812 246 2857 4
266 2807 427 2875 frequenter
446 2807 523 2859 omni
545 2822 648 2876 genere
667 2806 694 2859 d.
709 2825 733 2860 v.
749 2808 789 2861 ed.
801 2825 846 2875 pr.
861 2810 908 2876 Al
932 2824 964 2861 eo
985 2808 1060 2876 quod
1078 2809 1115 2862 ed.
1127 2822 1163 2875 pr.

159 2879 187 2930 A
206 2881 235 2930 et
253 2897 278 2945 q.
295 2879 323 2931 P
338 2878 414 2945 quod
434 2879 463 2931 et
480 2879 506 2931 L
541 2879 545 2946 1
579 2877 700 2931 maxime
719 2878 781 2946 peti
804 2878 975 2934 animalibus
1000 2880 1102 2934 eccidit
1119 2880 1142 2933 L
1157 2879 1164 2940 1

159 2955 174 3001 5
190 2951 233 3002 eet
246 2966 297 3002 orii.
308 2950 334 3001 L
351 2952 355 3016 1
371 2966 411 3017 sp.
428 2949 454 3000 d.
466 2949 515 3000 int.
527 2966 576 3002 orii.
587 2950 613 3002 L
627 2951 637 3017 11
652 2949 900 3004 timed-interd
911 2968 962 3004 orn.
973 2953 1001 3005 A
1015 2953 1024 3020 11
1039 2957 1053 3004 ῖ
1068 2953 1153 3005 eutem

159 3019 324 3073 animalium
343 3022 370 3074 A
393 3024 401 3088 11
425 3027 440 3071 9
460 3020 600 3074 interdurn
620 3039 671 3073 orn.
687 3023 714 3074 A
736 3023 745 3089 11
771 3028 802 3075 11
822 3022 961 3076 credimus
980 3022 1021 3076 cd.
1034 3040 1075 3091 pr.
1090 3022 1144 3077 ΑΡ

158 3091 332 3160 expositione
352 3093 379 3145 A

233 3170 265 3214 13
285 3163 423 3232 expiretio
442 3165 468 3216 L
502 3165 505 3230 1
538 3162 578 3215 Ex
597 3162 760 3230 potionibus
780 3165 876 3219 eutem
893 3164 1028 3219 iniurium
1046 3163 1162 3219 faucibus

159 3240 186 3288 A
199 3238 209 3303 11
225 3241 258 3287 14
276 3233 352 3303 pilus
367 3237 395 3289 A
412 3234 505 3303 pulvis
524 3235 564 3286 ed.
576 3251 621 3302 pr.
637 3236 717 3304 LPll
733 3241 765 3287 15
784 3237 835 3289 out
848 3236 866 3290 l.
883 3234 986 3303 aliquis
1005 3238 1129 3292 inhaeret
1140 3252 1162 3302 g.

159 3309 187 3358 P
207 3314 215 3373 11
240 3312 273 3359 16
292 3305 356 3358 ideo
374 3306 400 3359 L
423 3308 433 3372 11
462 3310 493 3357 17
513 3320 665 3358 mammem
683 3308 799 3374 generet
818 3310 861 3373 (σω
878 3306 924 3376 -in
943 3309 969 3361 L
991 3310 1001 3377 11
1026 3314 1058 3362 18
1077 3310 1104 3363 et
1120 3323 1163 3361 ern.

158 3376 199 3429 ed.
209 3394 254 3443 pr.
271 3379 298 3429 A
314 3380 318 3444 1
335 3376 359 3428 ei
377 3373 448 3443 quid
465 3374 589 3428 haeserit
606 3377 647 3429 ed.
660 3393 703 3443 pr.
719 3379 747 3431 A
769 3379 773 3445 1
794 3377 890 3432 vellito
909 3379 935 3432 L
950 3381 959 3447 11
975 3384 1008 3432 19
1027 3379 1163 3449 spongiam

159 3447 185 3498 L
199 3448 209 3513 11
223 3452 256 3498 20
276 3446 379 3512 tergito
398 3447 438 3499 ed.
451 3462 494 3511 pr.
514 3447 593 3514 terge
612 3447 640 3499 P
659 3450 662 3514 1
683 3447 786 3501 deinde
805 3466 855 3501 ern.
871 3451 897 3503 L
923 3451 926 3518 1
952 3449 1010 3504 obt.
1031 3454 1113 3519 etque
1129 3447 1163 3500 lo·

160 3532 223 3567 cum
242 3519 267 3569 L
285 3521 288 3582 1
305 3518 435 3569 obtureto
447 3547 479 3553 —
491 3522 523 3566 2¹1
539 3513 636 3568 lenem
654 3534 704 3570 cire.
719 3520 747 3573 A
