2509 3892
193 191 256 255 102
630 189 765 245 VEGETI
802 217 804 220 ·

190 361 316 435 quenter
334 359 462 418 offendet
485 360 515 417 et
536 361 602 418 toto
621 377 652 419 ee
670 378 792 436 corpore
812 361 984 420 commovet.
1032 356 1121 418 Cuius
1143 360 1197 416 ista
1244 375 1246 406 2

191 451 305 507 curatio
336 450 393 506 est:
424 447 513 507 bacae
535 448 616 506 lauri
638 468 666 506 n.
690 449 753 524 XX,
776 448 850 508 nitri
879 449 971 522 sulib„
994 451 1080 507 rutae
1108 448 1197 507 mani·

189 537 305 613 pulum:
334 555 409 612 quac
433 538 533 596 omnia
560 537 719 614 diligenter
748 537 835 612 trita,
862 556 930 597 curn
952 539 1038 597 aceto
1060 554 1120 595 non
1142 538 1198 596 acri

189 629 220 684 et
238 627 303 684 oleo
322 626 434 702 optimo
452 644 572 685 rosaceo
586 628 746 686 commixta
763 626 860 685 hieme
875 626 1029 686 calefacies
1047 628 1197 704 peruncto·

188 735 246 790 que
269 715 333 774 oleo
359 717 457 790 capite
486 715 549 773 eius
580 718 610 774 et
637 715 755 774 cerebro
778 716 827 775 vel
856 716 997 775 auriculis
1027 714 1227 775 cerebellarei

155 803 225 861 lde
247 804 350 863 lanata
372 804 450 879 pelle
479 804 638 863 convolvis.
685 803 765 873 Quae
793 806 820 863 si
842 804 919 863 forte
941 804 1105 878 defuerint,
1133 804 1197 862 fari·

189 912 259 952 narn
281 893 474 952 hordeaceam
497 894 684 969 resinamque
707 892 854 968 miscebis,
879 912 914 951 ex
936 912 995 969 quo
1019 894 1197 970 cataplasma

189 982 355 1041 confectum
379 982 496 1041 cerebro
519 985 636 1058 oportet
663 984 785 1058 imponi.
830 982 989 1041 Praeterea
1017 1001 1116 1042 ceram
1139 981 1197 1042 oleo

188 1072 311 1146 cyprino
335 1071 489 1148 coniungis
513 1074 543 1130 et
564 1071 689 1131 linteolo
711 1071 790 1130 inter
808 1072 958 1131 auriculae
982 1072 1020 1130 ad
1043 1073 1137 1132 ceroti
1157 1073 1196 1129 in·

154 1162 251 1218 datar
279 1159 416 1235 imponis.
463 1158 520 1219 Sed
550 1162 581 1219 et
609 1161 759 1235 reliquum
790 1179 896 1237 corpus
925 1160 1098 1238 potionibus
1128 1160 1226 1218 refero

187 1248 316 1307 vandum
339 1253 397 1307 estc
425 1251 485 1307 tres
508 1249 669 1308 fluviatiles
693 1267 812 1308 cancros
836 1252 968 1309 conteres
991 1249 1151 1327 diligenter
1172 1250 1197 1306 et

188 1355 255 1394 cum
284 1337 398 1396 duabus
428 1339 523 1397 unciis
550 1340 614 1397 suci
644 1338 787 1413 caulium,
817 1337 920 1397 addito
949 1339 1037 1398 lactis
1065 1339 1196 1409 sextario,

188 1425 245 1485 olei
264 1426 379 1485 duobus
398 1427 522 1502 cyathis,
540 1426 729 1504 permiscetis
748 1430 779 1485 et
797 1427 928 1486 colatum
940 1446 995 1505 per
1008 1445 1041 1487 oe
1056 1426 1196 1487 diffirndes

187 1515 226 1573 ad
249 1534 348 1574 cornu.
391 1514 522 1584 Quorum
540 1517 567 1575 si
584 1516 687 1591 inopia
706 1519 758 1590 est,
781 1516 878 1575 mellis
897 1516 1020 1591 cyathos
1043 1516 1083 1592 Π,
1108 1533 1195 1592 aquae

187 1605 302 1663 calidae
325 1606 397 1663 sext.
416 1604 440 1677 I,
467 1607 545 1664 croci
568 1604 751 1679 cyathumL
774 1605 870 1680 adipis
894 1604 980 1664 lib.I
1003 1607 1139 1681 coquito,
1166 1621 1224 1663 exc

187 1692 294 1767 quibus
318 1693 454 1769 pastillos
477 1694 568 1752 facies
592 1696 677 1752 etin
705 1712 783 1769 aqua
809 1693 922 1772 frigida
945 1694 1040 1753 diluas
1064 1697 1097 1754 et
1119 1692 1195 1753 dabis
1245 1739 1246 1748 .

187 1783 219 1839 in
242 1785 354 1857 potum.
400 1781 556 1841 Praeterea
574 1784 601 1842 si
622 1782 719 1841 hieme
742 1782 867 1858 curabis,
891 1784 1021 1841 farinam
1043 1784 1196 1852 triticeam,
1245 1831 1246 1840 .

121 1940 124 1945 ,
186 1872 214 1929 si
232 1873 354 1946 aestate,
372 1871 565 1931 hordeaceam
584 1890 679 1948 aquae
697 1870 824 1950 frigidae
842 1871 1010 1931 adinvicem
1029 1874 1124 1949 amyli
1137 1890 1196 1950 per·
1244 1923 1245 1926 ,

186 1960 312 2018 mixtam
333 1961 366 2017 in
388 1961 508 2037 potione
530 1960 694 2036 praebebis.
1244 1939 1245 1974 ³

477 2185 572 2251 VIII.
595 2186 647 2251 De
669 2188 780 2270 capitis
803 2185 911 2253 dolore.
1204 2209 1222 2247 n

106 2325 240 2367 1118801111-
285 2316 330 2375 Dc
345 2317 452 2392 capitis
463 2314 563 2374 dolore
572 2317 661 2375 multi
676 2320 810 2376 auctores
819 2317 916 2375 multa
929 2315 1076 2375 dixerunt.
1111 2314 1193 2374 (luins
1243 2339 1244 2382 1

179 2406 258 2464 lrasc
280 2408 350 2464 sunt
379 2406 478 2482 signa:
507 2407 608 2463 tumor
634 2406 712 2464 circa
736 2406 837 2465 oculos
860 2405 1031 2481 apparebit,
1058 2405 1194 2481 pabulum

185 2493 346 2567 recusabit,
377 2493 480 2571 lingua
517 2494 579 2552 eius
617 2496 647 2551 et
678 2494 813 2569 palatum
849 2494 989 2570 labiaque
1027 2494 1193 2572 turgebant3

257 2679 365 2734 cchn.
386 2697 408 2733 c.
428 2686 480 2734 264
499 2679 606 2735 chsl.
626 2698 649 2735 c.
666 2688 707 2735 51.
826 2688 859 2736 14
878 2681 952 2736 cuir.
972 2699 995 2736 o.
1017 2687 1069 2736 266
1088 2681 1123 2735 cf.
1142 2677 1192 2734 Pel

187 2767 209 2803 c.
225 2756 267 2817 tl,
282 2757 325 2804 53.
402 2756 434 2804 21
456 2748 528 2804 Chir.
544 2768 566 2805 c.
583 2757 635 2806 268
654 2753 783 2823 (Fornax)
802 2758 854 2807 266
874 2753 1040 2824 (Absyrtus).

259 2935 273 2980 1
294 2928 350 2980 ieta
368 2945 418 2981 cm.
434 2930 514 2995 ,1112
533 2928 581 2983 lib.
598 2932 655 2984 Pel.
674 2932 684 2999 ΙΙ
703 2936 718 2984 3
738 2947 802 2984 acro
821 2932 861 2986 ed.
873 2948 918 2999 pr.
933 2934 994 2986 AP
1010 2949 1074 2986 cum
1092 2948 1117 2985 2.
1136 2942 1193 2983 acre
1241 2977 1242 3006 y

187 2999 260 3052 cce.
275 3002 284 3067 ιΙ
298 3004 315 3051 4
329 3015 408 3053 roseo
418 3001 446 3053 P
459 3001 531 3054 coir.
542 2999 652 3055 laurino
662 3003 720 3056 Pel.
735 3004 744 3071 Η
758 3007 774 3055 ὁ
789 3001 958 3057 cerebellum
966 3004 1015 3057 cul
1032 3046 1038 3056 .
1053 3006 1062 3073 ΙΙ
1076 3000 1193 3056 elavata

186 3070 226 3123 cd.
237 3086 281 3139 pr.
297 3072 336 3140 ΠΒ
356 3070 504 3125 confestim
522 3073 568 3140 ΡΙ
583 3072 653 3141 poni
671 3074 698 3127 A
719 3075 723 3142 Ι
743 3076 891 3142 praeterea
909 3091 967 3143 usq.
1041 3077 1122 3142 finem
1138 3085 1192 3139 cep-

186 3158 237 3195 om.
253 3142 280 3194 P
300 3143 309 3210 ΙΙ
332 3146 348 3194 9
369 3157 499 3195 ceronam
517 3145 545 3197 A
568 3145 577 3211 ΙΙ
601 3148 635 3196 10
653 3143 762 3212 reliqua
781 3146 808 3199 A
831 3147 840 3214 ΙΙ
872 3150 963 3199 1213
983 3139 1193 3201 duabus-olei

186 3228 236 3266 om.
253 3215 281 3266 A
293 3212 355 3267 iure
369 3213 493 3267 caulium
506 3230 600 3284 marpo
616 3213 656 3268 θ’
669 3216 678 3284 ΙΙ
693 3220 726 3268 13
745 3214 881 3270 diffundis
895 3217 922 3270 A
935 3219 945 3287 ΙΙ
960 3222 993 3270 12
1012 3216 1086 3270 croci
1094 3233 1117 3269 c.
1127 3214 1140 3267 l
1152 3212 1192 3266 ad.
1240 3263 1241 3286 .

186 3282 235 3336 lib.
250 3283 263 3335 Ι
281 3285 309 3337 A
324 3285 398 3339 cuir.
418 3301 454 3337 cr.
475 3284 557 3353 scrip.
578 3284 637 3352 apii
661 3285 774 3340 seminis
797 3287 880 3356 scrip.
895 3287 921 3341 H
940 3289 996 3343 Pel.
1011 3305 1061 3342 orn.
1081 3287 1120 3342 cd.
1131 3285 1188 3353 pt?
1240 3293 1241 3330 l

188 3358 219 3405 1'1
240 3354 384 3478 gnssavffiie
398 3355 438 3408 ed.
451 3372 494 3421 pr.
513 3357 522 3425 ΙΙ
544 3358 577 3408 18
592 3355 683 3409 adinv.
699 3373 749 3411 cm.
763 3359 790 3412 A
815 3361 819 3428 Ι
844 3357 946 3412 amulis
964 3355 1168 3427 permixtnmA
1189 3349 1191 3364 '

188 3429 220 3477 19
259 3440 277 3477 2
298 3423 322 3477 is

185 3564 204 3616 b
244 3500 346 3619 t2ldm.
361 3497 469 3549 veterae
483 3513 518 3547 m.
535 3494 560 3547 d.
578 3497 605 3549 P
616 3498 625 3564 ll
640 3502 672 3549 23
692 3499 846 3569 turgebunt
860 3502 888 3555 P
903 3500 1054 3570 tingebant
1069 3501 1094 3554 A
1109 3500 1192 3552 turne·

205 3582 244 3618 un
275 3584 289 3620 e
310 3584 370 3634 pr.
