2509 3892
424 141 565 196 MVLOM.
585 142 610 193 11
631 146 770 194 raa-124
1042 139 1106 202 217

89 313 216 370 alternis
235 311 359 387 pedibus
378 315 489 370 terram
506 309 622 384 tundet,
642 309 766 367 subinde
785 309 816 366 in
840 310 967 367 alteram
991 312 1107 385 partem

89 420 121 459 se
145 404 307 474 convertet,
330 405 422 476 caput
444 400 482 458 ad
500 399 554 457 ilia
573 418 627 458 sua
645 403 745 474 ponet,
767 401 912 473 tanquam
932 400 984 474 qui
1006 399 1107 458 locum

88 489 202 549 doloris
226 490 369 563 ostendit,
396 490 524 568 gemitus
552 487 704 546 interdum
732 491 762 546 et
789 490 902 546 tremor
928 490 1021 546 totius
1045 508 1106 547 cor-

89 581 173 654 poris
196 580 373 653 insequitur.
419 579 506 636 Hunc
527 578 677 652 paulatim
705 577 895 635 deambulare
918 579 1021 650 faciae,
1044 572 1107 636 ma'-

60 688 164 728 snum
183 670 303 726 unctam
321 669 353 725 in
372 688 462 726 anum
479 667 581 725 mittes
605 669 636 725 et
659 671 771 725 stercus
793 666 956 725 exhauries.
993 666 1107 725 Deinde

89 758 137 815 sal
156 759 188 815 et
205 757 265 815 mel
282 759 387 816 misces
406 760 437 815 et
455 758 487 814 in
506 775 595 813 anum
616 756 765 829 infundes,
787 759 822 813 ut
840 756 979 814 assellare
998 759 1108 832 augeat

87 846 275 905 facultatem.
322 845 355 904 Si
377 846 471 905 hiems
495 846 599 918 fuerit,
623 845 688 903 oleo
713 847 743 902 et
765 846 831 920 pice
854 844 970 919 liquida
992 844 1142 904 lumbos2

88 939 120 993 et
158 935 309 994 amiculas
345 936 441 1011 ipsius
473 933 637 1008 saturabis,
675 934 752 992 hanc
788 935 911 992 daturus
943 933 1108 1009 potionem:

87 1026 210 1082 laurum
234 1024 359 1082 viridem
382 1025 431 1083 vel
453 1024 543 1082 bacas
565 1024 674 1099 ipsius,
697 1025 797 1098 piper,
825 1024 987 1097 cuminum,
1012 1025 1109 1097 petro-

48 1138 73 1174 1o
87 1113 233 1186 salinum,
270 1132 369 1172 semen
399 1114 535 1185 feniculi,
571 1131 671 1172 semen
703 1113 780 1189 argii
812 1115 842 1170 et
870 1112 996 1185 nitrum,
1032 1131 1109 1187 quae

86 1205 206 1278 pariter
225 1201 358 1261 admixta
375 1207 522 1278 tunsaque
541 1202 694 1274 cribrabiS,
714 1221 781 1259 oum
800 1201 869 1259 vino
884 1204 915 1260 et
928 1202 994 1260 oleo
1007 1202 1109 1277 tepido

87 1296 121 1349 et
144 1290 261 1350 calidae
290 1311 385 1366 aquae
414 1292 541 1367 parvula
570 1291 706 1366 portione
736 1290 920 1366 potionabis,
951 1293 981 1348 et
1010 1291 1109 1349 deam-

86 1381 194 1440 bulare
219 1381 378 1456 compelles
401 1381 562 1452 moderate,
585 1380 678 1439 donec
701 1380 818 1437 desinat
841 1380 933 1438 dolor.

225 1605 345 1670 CXXI
350 1607 382 1669 V.
406 1607 456 1670 De
478 1608 619 1671 'intestini
642 1607 813 1670 versatione
836 1607 881 1670 cel
903 1606 973 1670 cole.

49 1760 73 1799 15
157 1734 299 1794 Intestini
309 1755 427 1812 quoque
441 1738 580 1810 versatio,
595 1737 675 1811 quod
690 1738 788 1794 colum
802 1741 935 1808 vocatur,
950 1740 980 1794 et
994 1736 1038 1794 in·
1069 1730 1215 1824 ffig‘lsffin

86 1825 245 1883 dationem
265 1827 295 1882 ot
309 1826 441 1884 dolorem
459 1828 614 1885 consuevit
626 1827 746 1884 inferre.
789 1824 872 1895 Quae
887 1827 933 1884 his
948 1845 1038 1903 agno-

88 1915 185 1973 scitur
213 1915 319 1992 signis:
351 1933 417 1972 cum
448 1915 601 1974 ambulare
632 1918 776 1991 coeperit,
806 1915 956 1990 prioribus
986 1915 1111 1989 pedibus

87 2005 293 2061 transvericat
315 2006 345 2062 et
363 2004 465 2064 dolore
483 2004 638 2083 subglutit.
683 2003 799 2063 Crebris
819 2004 1110 2064 deambulationibus

88 2097 119 2151 et
143 2092 245 2152 calore
272 2093 396 2166 stabuli,
427 2097 453 2152 si
481 2094 640 2171 diligenter
668 2092 758 2151 etiam
787 2094 952 2169 operiatur,
983 2092 1111 2172 dirigere

165 2279 389 2335 7011116419.
465 2280 704 2335 ischiaciao.
781 2278 1020 2334 ischiadici.

165 2465 179 2511 1
200 2459 325 2512 tundunt
342 2467 388 2514 etc.
404 2460 444 2513 cd.
459 2477 501 2527 pr.
542 2464 545 2530 Ι
585 2460 679 2513 subito
697 2458 764 2512 inde
784 2459 894 2512 alterna
912 2461 993 2528 parte
1013 2461 1052 2512 ed.
1065 2477 1109 2527 pr.

89 2530 188 2585 subito
203 2530 232 2582 in
243 2531 360 2584 alteram
374 2549 401 2600 p.
412 2533 440 2585 P
451 2534 460 2600 ΙΙ
474 2538 490 2584 1
509 2547 610 2584 manus
624 2531 755 2584 inunctas
765 2533 792 2585 A
806 2547 921 2583 manum
935 2529 1001 2583 huic
1015 2530 1111 2584 mittes

89 2605 171 2673 ΡΙΙῠ
191 2603 320 2655 extrahes
338 2604 501 2671 6611161111
519 2610 535 2656 6
554 2603 675 2657 miscens
693 2603 722 2654 in
742 2604 770 2657 P
787 2602 846 2656 sale
865 2605 894 2654 et
911 2621 946 2655 m.
966 2601 1062 2655 mixtis
1080 2601 1111 2654 in

88 2676 130 2728 cd.
143 2691 189 2741 pr.
225 2675 229 2741 l
262 2672 415 2728 assellandi
438 2673 614 2743 (egrediendi
633 2676 668 2742 P)
692 2676 797 2743 augeat
819 2674 994 2727 voluntatem
1013 2674 1052 2728 ed.
1066 2691 1108 2742 pr.

90 2747 153 2800 ΑΡ
171 2746 180 2812 ΙΙ
202 2749 218 2797 8
236 2743 314 2797 illius
332 2745 372 2798 cd.
384 2761 430 2813 pr.
445 2746 523 2814 ΑΡΙ
539 2744 660 2815 inunges
680 2747 707 2799 P
727 2747 736 2814 ΙΙ
759 2751 774 2797 9
794 2745 876 2814 piper
894 2747 923 2798 et
942 2762 963 2798 c.
986 2746 1026 2798 ed.
1038 2762 1082 2814 pr.
1104 2745 1108 2815 Ι

89 2815 258 2886 petroselini
276 2817 315 2871 ed.
328 2816 414 2884 pen
446 2818 455 2884 l
488 2821 521 2869 10
540 2816 613 2886 agtii
632 2818 728 2884 cdpr.
746 2819 791 2883 16.
812 2819 841 2870 et
859 2817 926 2870 nitri
945 2818 985 2871 ed.
997 2834 1041 2885 pr.
1057 2819 1084 2871 A
1102 2819 1111 2878 1

91 2892 200 2942 10-13
218 2888 258 2941 sic
276 2888 315 2942 P:
333 2903 428 2940 semen
441 2887 559 2941 feniculi
573 2891 603 2940 et
620 2889 714 2940 rutam
733 2887 841 2956 pariter
854 2888 986 2954 admisce,
1004 2891 1064 2942 tere
1083 2891 1113 2941 et

90 2960 186 3014 cribra
204 2961 234 3011 et
252 2976 316 3012 cum
334 2957 396 3011 oleo
419 2960 439 3011 t.
459 2961 489 3012 et
506 2975 582 3027 aqua
601 2958 695 3012 calida
712 2959 854 3013 modicum
873 2975 923 3028 per·
944 2977 974 3013 os
993 2959 1111 3012 infunde

90 3035 120 3086 et
138 3031 186 3083 fac
205 3029 232 3083 d.
246 3047 292 3095 m,
312 3031 401 3083 donec
420 3029 559 3099 (1(11111
580 3033 719 3099 tensaque
738 3030 916 3099 cribrataque
934 3033 961 3084 A
980 3032 1064 3084 tunsa
1083 3034 1112 3084 et

90 3102 216 3156 cribrata
234 3102 274 3155 ed.
285 3118 330 3170 pr.
345 3104 355 3170 ΙΙ
370 3107 402 3154 12
421 3100 516 3154 calida
530 3116 605 3170 aqua
623 3100 756 3170 parvulas
774 3102 918 3170 portiones
932 3104 960 3154 A
976 3105 979 3170 Ι
996 3101 1112 3170 potione

92 3176 117 3228 L
132 3176 142 3242 ΙΙ
157 3177 191 3227 13
211 3171 291 3226 dolor
310 3175 401 3227 cesset
418 3174 458 3226 ed.
470 3189 508 3239 pr
530 3174 558 3227 A

164 3250 207 3298 14.
224 3249 256 3296 15
271 3244 419 3298 vexatione
432 3245 473 3298 cd.
484 3261 529 3311 pr.
540 3244 601 3298 AP
615 3247 619 3311 Ι
635 3244 679 3296 vel
694 3260 717 3297 c.
733 3260 783 3297 cci.
794 3245 834 3297 ed.
843 3261 885 3311 pr.
896 3246 956 3298 ΑΡ
967 3247 1002 3309 cf.
1015 3244 1087 3298 Geir.
1103 3245 1111 3313 Ι,

93 3323 125 3370 15
146 3315 226 3370 colus
243 3316 271 3370 A
290 3315 371 3369 colon
390 3315 430 3368 ed.
442 3333 487 3383 pc.
503 3317 532 3369 P
553 3316 557 3386 Ι
587 3315 748 3369 inflationes
767 3318 797 3368 et
816 3314 925 3368 dolores
944 3315 984 3367 ed.
995 3332 1040 3384 pr.
1056 3317 1084 3368 A
1102 3337 1104 3383 i

70 3405 73 3410 ·
90 3395 127 3442 16
146 3387 336 3442 consuevit-
348 3392 379 3439 17
396 3385 542 3440 ambulare
560 3388 723 3454 66111117
743 3384 884 3454 prioribus
898 3387 987 3438 terras
1004 3384 1112 3440 varicat

93 3462 120 3515 A
147 3461 157 3528 ΙΙ
186 3464 219 3513 18
237 3458 349 3513 dolores
367 3460 409 3513 ed.
424 3476 465 3525 pr.
496 3461 499 3524 Ι
532 3460 561 3511 et
580 3457 692 3512 crebras
712 3457 738 3511 d.
758 3460 788 3510 et
806 3456 913 3510 calores
932 3458 966 3508 st.
986 3457 1026 3510 cd.
1038 3473 1082 3524 pr.
1102 3457 1111 3500 ¹¹

95 3537 126 3583 19
146 3530 172 3583 si
190 3547 240 3584 oca
257 3531 282 3584 L
299 3533 304 3597 Ι
320 3528 439 3600 diligere
458 3530 497 3582 ed.
509 3548 554 3598 pr.
570 3532 597 3583 A
617 3528 740 3598 dirigere
759 3530 784 3582 L
804 3527 899 3597 digere
919 3528 947 3580 P
