2509 3892
283 977 442 1051 ovain
470 978 603 1052 BOVM
632 977 696 1051 EX
725 978 941 1052 CORPORE

365 1102 564 1178 claena
591 1104 865 1179 MARTIALIS.
933 1121 935 1124 ’

167 1265 219 1323 Ad
251 1265 355 1324 boum
384 1265 543 1325 morbum
581 1267 675 1326 salem
709 1269 816 1325 tritum
850 1287 904 1343 per
933 1285 1024 1326 cornu
1054 1287 1121 1327 curn

102 1357 170 1415 vino
193 1356 226 1413 in
249 1357 402 1431 potionem
430 1355 522 1414 dabis.
564 1356 661 1415 Boves
691 1356 811 1415 morbus
840 1375 878 1415 ne
900 1360 1019 1431 noceat,
1049 1356 1120 1416 dato

74 1448 157 1504 atres
180 1444 273 1504 micas
297 1444 378 1519 salia,
400 1448 486 1503 terna
504 1445 584 1503 lauri
606 1445 682 1503 folia
705 1448 735 1503 et
756 1445 884 1504 totidem
902 1447 985 1521 porri
1008 1447 1120 1520 sectivi,

98 1533 191 1610 ulpici
218 1533 249 1591 et
281 1533 334 1591 alii
363 1536 464 1593 ternas
497 1535 607 1610 spicas,
637 1532 713 1593 turis
748 1534 869 1612 grandis
902 1553 997 1612 grana
1026 1538 1120 1608 terna,

97 1622 205 1684 herbae
239 1621 366 1680 Sabinae
398 1623 505 1682 herbas
541 1626 657 1697 ternas,
694 1626 781 1682 rutae
814 1623 976 1684 cauliculos
1008 1626 1118 1699 ternos,

82 1704 307 1785 'sambuci....,
331 1711 472 1771 carbones
494 1716 603 1772 ternos.
645 1712 728 1772 Haec
747 1714 848 1772 omnia
871 1712 925 1771 sub
950 1713 1019 1773 divo
1043 1714 1153 1773 oaeli2

95 1821 148 1876 per
170 1800 305 1858 triduum
327 1820 363 1859 ex
386 1800 488 1860 cadem
511 1802 634 1878 potione
657 1802 737 1876 dato,
760 1802 876 1861 adiecto
900 1802 1015 1861 scilicet
1037 1803 1118 1861 vino.

55 1910 81 1949 ιο
94 1888 181 1959 Quod
203 1893 247 1948 ita
270 1892 424 1965 partieris,
452 1893 487 1948 ut
510 1909 620 1965 aequas
643 1892 780 1967 potiones
807 1892 1017 1966 pertriduum
1041 1894 1116 1950 acci-

93 1981 167 2055 piat.
215 1979 293 2037 Sane
315 1980 354 2054 is,
378 1981 430 2055 qui
453 1978 545 2054 dabit,
569 1979 695 2039 sublime
719 1983 778 2039 stet
801 1984 831 2039 et
853 2000 925 2040 vaso
949 1981 1048 2058 ligneo
1072 1981 1116 2038 in-

94 2068 202 2126 fundat
219 2069 252 2126 in
270 2086 311 2142 os,
331 2067 441 2127 deiciat
458 2069 490 2125 in
509 2071 639 2146 gutture.
676 2070 773 2127 Boves
792 2069 818 2127 si
837 2073 992 2147 aegrotare
1012 2087 1115 2145 coepe·
1131 2072 1149 2128 3

92 2157 164 2232 rint,
184 2157 255 2215 dato
270 2159 411 2217 continuo
431 2176 520 2217 ovum
539 2157 741 2235 gallinacium,
761 2157 840 2233 quod
859 2157 983 2216 crudum
997 2158 1114 2235 integro

93 2247 186 2306 facito
209 2249 244 2304 ut
267 2245 402 2305 devoret:
424 2250 544 2322 postero
568 2246 615 2304 die
640 2249 731 2323 caput
753 2247 847 2322 ulpici
870 2247 944 2304 alii.
961 2294 968 2307 .
983 2291 1013 2304 ..
1055 2247 1114 2305 Bos

54 2355 80 2396 re
94 2338 122 2394 si
145 2338 291 2413 aegrotat,
314 2335 424 2395 cotidie
447 2338 475 2393 ei
497 2334 569 2394 dato
587 2354 679 2394 unam
702 2336 853 2393 heminam
873 2336 938 2393 vini
961 2338 991 2393 et
1014 2353 1114 2393 exerce

95 2424 170 2483 benc
199 2426 300 2484 vivere
333 2424 472 2483 medium.
527 2424 560 2483 Si
590 2426 741 2502 aegrotat,
771 2424 895 2483 herbam
925 2427 1116 2483 centauream

95 2515 255 2571 contritam
280 2533 315 2571 ex
337 2514 407 2572 vino
434 2513 558 2572 infunde
586 2533 640 2591 per
667 2531 796 2572 cornum.
838 2513 898 2572 Bos
922 2512 947 2572 si
971 2516 1152 2591 aegrotet‚4

94 2605 223 2661 muriam
242 2602 415 2662 salsamenti
434 2604 579 2678 optimam
602 2607 634 2662 et
650 2603 764 2661 malum
784 2605 889 2677 terrae,
914 2621 1010 2677 aquae
1034 2606 1115 2678 sext,

95 2694 182 2767 aceti,
200 2692 246 2766 sil,
269 2694 370 2750 rutam
391 2693 537 2751 conterite
556 2695 587 2750 et
604 2691 697 2750 labris
717 2692 893 2767 perfricat03
919 2691 968 2750 vel
985 2691 1117 2751 radicem

54 2803 82 2842 ao
95 2780 205 2839 herbae
234 2783 426 2857 personaciae
458 2782 604 2840 conterite
640 2783 670 2840 et
700 2783 798 2857 primo
828 2780 876 2840 die
906 2780 977 2840 dato
1013 2780 1117 2840 ancl

169 2967 274 3072 4an
294 2985 352 3039 agr.
370 2974 411 3022 70.
485 2974 518 3022 12
539 2967 608 3023 Cato
627 2985 686 3040 agr.
703 2974 743 3022 71.
778 2967 835 3024 Col.
851 2968 889 3023 VI
907 2974 973 3035 4,2.

168 3145 250 3201 Soloe
266 3146 346 3201 hobel
364 3147 391 3201 L
404 3148 439 3214 cf.
452 3164 482 3215 p.
499 3146 568 3201 XII
585 3148 595 3215 11
620 3152 639 3224 l
658 3145 770 3200 morbos
789 3147 815 3200 L
838 3148 847 3215 11
868 3153 884 3200 ὁ
904 3149 1029 3200 sumxtae
1049 3145 1115 3201 salia

99 3216 138 3284 L,
156 3217 392 3272 caraecarae
417 3220 426 3287 11
459 3219 523 3271 bct
540 3216 598 3286 nlp.
614 3218 641 3271 L
667 3219 677 3286 11
708 3217 823 3271 iarbae
843 3219 869 3271 L
888 3218 1001 3287 plantae
1022 3218 1088 3274 aare

99 3293 115 3341 8
133 3287 260 3342 sambuci
279 3305 336 3343 oca
354 3295 393 3343 est
410 3288 488 3372 opud
507 3290 644 3344 Catonem.
664 3289 713 3342 lac.
728 3289 884 3359 significavi
900 3293 904 3359 1
925 3288 977 3343 snb
996 3288 1044 3342 dio
1063 3289 1089 3341 L

98 3365 121 3412 θ’
132 3360 277 3443 potionem
295 3360 322 3414 L
343 3362 353 3429 11
378 3365 410 3413 18
429 3362 571 3431 integrum
589 3366 614 3414 ct
633 3359 975 3442 ἀθνοτθηξβσὶιοιαριπαε
994 3362 1004 3429 1
1023 3366 1057 3414 14
1070 3361 1115 3443 1η·

96 3447 227 3556 tta?
242 3430 1116 3576 ltcat‘lllbnllltsllalnlltttltal'l

96 3579 130 3628 19
149 3576 213 3628 ruta
227 3575 253 3629 L
270 3578 274 3644 1
289 3574 354 3641 fort.
373 3573 454 3627 labra
467 3577 476 3643 1
490 3579 525 3628 20
543 3591 567 3628 c.
582 3573 690 3642 pariter
709 3574 735 3628 L
745 3590 800 3642 pr„
819 3574 918 3628 deinde
934 3591 962 3642 p.
978 3574 1028 3628 del.

899 3662 953 3715 ao·
