<?xml version="1.0" encoding="UTF-8"?>
<!DOCTYPE html PUBLIC "-//W3C//DTD XHTML 1.0 Transitional//EN"
    "http://www.w3.org/TR/xhtml1/DTD/xhtml1-transitional.dtd">
<html xmlns="http://www.w3.org/1999/xhtml" xml:lang="en" lang="en">
 <head>
  <title>
</title>
<meta http-equiv="Content-Type" content="text/html;charset=utf-8" />
  <meta name='ocr-system' content='tesseract 3.04.00' />
  <meta name='ocr-capabilities' content='ocr_page ocr_carea ocr_par ocr_line ocrx_word'/>
</head>
<body>
  <div class='ocr_page' id='page_1' title='image "./pvegetirenatidi00lommgoog/pvegetirenatidi00lommgoog_0136.png"; bbox 0 0 2509 3892; ppageno 0'>
   <div class='ocr_carea' id='block_1_1' title="bbox 167 152 739 216">
    <p class='ocr_par' dir='ltr' id='par_1_1' title="bbox 167 152 739 216">
     <span class='ocr_line' id='line_1_1' title="bbox 167 152 739 216; baseline -0.002 -11"><span class='ocrx_word' id='word_1_1' title='bbox 167 153 209 216; x_wconf 74' lang='lat'>82</span> <span class='ocrx_word' id='word_1_2' title='bbox 604 152 739 206; x_wconf 81' lang='lat' dir='ltr'>VEGETI</span> 
     </span>
    </p>
   </div>
   <div class='ocr_carea' id='block_1_2' title="bbox 110 319 1250 2354">
    <p class='ocr_par' dir='ltr' id='par_1_2' title="bbox 110 319 1250 2354">
     <span class='ocr_line' id='line_1_2' title="bbox 167 319 1186 395; baseline 0 -16"><span class='ocrx_word' id='word_1_3' title='bbox 167 325 198 379; x_wconf 90' lang='lat' dir='ltr'>et</span> <span class='ocrx_word' id='word_1_4' title='bbox 219 322 422 380; x_wconf 88' lang='lat' dir='ltr'>vehementius</span> <span class='ocrx_word' id='word_1_5' title='bbox 449 325 544 380; x_wconf 90' lang='lat' dir='ltr'>nocet.</span> <span class='ocrx_word' id='word_1_6' title='bbox 589 321 668 379; x_wconf 88' lang='lat' dir='ltr'>Nam</span> <span class='ocrx_word' id='word_1_7' title='bbox 697 323 815 395; x_wconf 85' lang='lat' dir='ltr'>praeter</span> <span class='ocrx_word' id='word_1_8' title='bbox 843 319 930 393; x_wconf 90' lang='lat' dir='ltr'>haec,</span> <span class='ocrx_word' id='word_1_9' title='bbox 961 320 1041 394; x_wconf 92' lang='lat' dir='ltr'>quod</span> <span class='ocrx_word' id='word_1_10' title='bbox 1063 320 1186 380; x_wconf 87' lang='lat' dir='ltr'>diversa</span> 
     </span>
     <span class='ocr_line' id='line_1_3' title="bbox 167 408 1186 488; baseline 0 -21"><span class='ocrx_word' id='word_1_11' title='bbox 167 428 275 488; x_wconf 90' lang='lat' dir='ltr'>genera</span> <span class='ocrx_word' id='word_1_12' title='bbox 297 411 467 468; x_wconf 88' lang='lat' dir='ltr'>morborum</span> <span class='ocrx_word' id='word_1_13' title='bbox 494 429 529 468; x_wconf 85' lang='lat' dir='ltr'>ex</span> <span class='ocrx_word' id='word_1_14' title='bbox 556 429 667 485; x_wconf 86' lang='lat' dir='ltr'>vapore</span> <span class='ocrx_word' id='word_1_15' title='bbox 693 411 759 484; x_wconf 88' lang='lat' dir='ltr'>ipso</span> <span class='ocrx_word' id='word_1_16' title='bbox 783 408 962 468; x_wconf 77' lang='lat' dir='ltr'>animalibus</span> <span class='ocrx_word' id='word_1_17' title='bbox 992 412 1186 486; x_wconf 77' lang='lat' dir='ltr'>generantur,</span> 
     </span>
     <span class='ocr_line' id='line_1_4' title="bbox 167 497 1186 577; baseline -0.001 -20"><span class='ocrx_word' id='word_1_18' title='bbox 167 501 193 558; x_wconf 92' lang='lat' dir='ltr'>si</span> <span class='ocrx_word' id='word_1_19' title='bbox 215 498 417 574; x_wconf 88' lang='lat' dir='ltr'>producuntur</span> <span class='ocrx_word' id='word_1_20' title='bbox 447 499 486 557; x_wconf 89' lang='lat' dir='ltr'>ad</span> <span class='ocrx_word' id='word_1_21' title='bbox 514 500 609 577; x_wconf 80' lang='lat' dir='ltr'>frigus</span> <span class='ocrx_word' id='word_1_22' title='bbox 633 498 799 571; x_wconf 88' lang='lat' dir='ltr'>insolitum,</span> <span class='ocrx_word' id='word_1_23' title='bbox 830 499 934 555; x_wconf 89' lang='lat' dir='ltr'>statim</span> <span class='ocrx_word' id='word_1_24' title='bbox 963 497 1186 576; x_wconf 80' lang='lat' dir='ltr'>aegritudinem</span> 
     </span>
     <span class='ocr_line' id='line_1_5' title="bbox 132 585 1186 665; baseline -0.004 -16"><span class='ocrx_word' id='word_1_25' title='bbox 132 593 202 649; x_wconf 88' lang='lat' dir='ltr'>8ex</span> <span class='ocrx_word' id='word_1_26' title='bbox 224 588 345 665; x_wconf 78' lang='lat' dir='ltr'>frigoris</span> <span class='ocrx_word' id='word_1_27' title='bbox 368 590 501 647; x_wconf 85' lang='lat' dir='ltr'>novitate</span> <span class='ocrx_word' id='word_1_28' title='bbox 528 589 706 664; x_wconf 88' lang='lat' dir='ltr'>percipiunt.</span> <span class='ocrx_word' id='word_1_29' title='bbox 753 585 922 644; x_wconf 78' lang='lat' dir='ltr'>Curandum</span> <span class='ocrx_word' id='word_1_30' title='bbox 945 589 991 645; x_wconf 88' lang='lat' dir='ltr'>est</span> <span class='ocrx_word' id='word_1_31' title='bbox 1012 589 1186 664; x_wconf 80' lang='lat' dir='ltr'>praecipue,</span> 
     </span>
     <span class='ocr_line' id='line_1_6' title="bbox 166 675 1224 754; baseline 0 -19"><span class='ocrx_word' id='word_1_32' title='bbox 166 680 209 753; x_wconf 91' lang='lat' dir='ltr'>ut,</span> <span class='ocrx_word' id='word_1_33' title='bbox 227 679 290 736; x_wconf 87' lang='lat' dir='ltr'>sive</span> <span class='ocrx_word' id='word_1_34' title='bbox 307 676 428 734; x_wconf 86' lang='lat' dir='ltr'>faenum</span> <span class='ocrx_word' id='word_1_35' title='bbox 446 679 508 736; x_wconf 85' lang='lat' dir='ltr'>sive</span> <span class='ocrx_word' id='word_1_36' title='bbox 521 678 623 752; x_wconf 89' lang='lat' dir='ltr'>paleas</span> <span class='ocrx_word' id='word_1_37' title='bbox 642 677 690 737; x_wconf 86' lang='lat' dir='ltr'>vel</span> <span class='ocrx_word' id='word_1_38' title='bbox 708 675 877 750; x_wconf 89' lang='lat' dir='ltr'>manipulos</span> <span class='ocrx_word' id='word_1_39' title='bbox 894 677 991 734; x_wconf 80' lang='lat' dir='ltr'>viciae</span> <span class='ocrx_word' id='word_1_40' title='bbox 1009 696 1065 751; x_wconf 92' lang='lat' dir='ltr'>pro</span> <span class='ocrx_word' id='word_1_41' title='bbox 1083 678 1185 754; x_wconf 89' lang='lat' dir='ltr'>regio-</span> <span class='ocrx_word' id='word_1_42' title='bbox 1212 703 1224 741; x_wconf 69' lang='lat' dir='ltr'>s</span> 
     </span>
     <span class='ocr_line' id='line_1_7' title="bbox 167 764 1186 844; baseline 0 -22"><span class='ocrx_word' id='word_1_43' title='bbox 167 785 238 823; x_wconf 91' lang='lat' dir='ltr'>num</span> <span class='ocrx_word' id='word_1_44' title='bbox 255 784 311 824; x_wconf 92' lang='lat' dir='ltr'>usu</span> <span class='ocrx_word' id='word_1_45' title='bbox 329 766 377 824; x_wconf 88' lang='lat' dir='ltr'>vel</span> <span class='ocrx_word' id='word_1_46' title='bbox 395 767 481 840; x_wconf 91' lang='lat' dir='ltr'>copia</span> <span class='ocrx_word' id='word_1_47' title='bbox 498 766 678 825; x_wconf 88' lang='lat' dir='ltr'>animalibus</span> <span class='ocrx_word' id='word_1_48' title='bbox 691 764 843 840; x_wconf 86' lang='lat' dir='ltr'>praebeas,</span> <span class='ocrx_word' id='word_1_49' title='bbox 861 765 1040 844; x_wconf 87' lang='lat' dir='ltr'>incorrupta</span> <span class='ocrx_word' id='word_1_50' title='bbox 1053 782 1088 822; x_wconf 91' lang='lat' dir='ltr'>ac</span> <span class='ocrx_word' id='word_1_51' title='bbox 1107 765 1186 824; x_wconf 89' lang='lat' dir='ltr'>bene</span> 
     </span>
     <span class='ocr_line' id='line_1_8' title="bbox 167 853 1186 928; baseline 0 -15"><span class='ocrx_word' id='word_1_52' title='bbox 167 855 278 913; x_wconf 91' lang='lat' dir='ltr'>olentia</span> <span class='ocrx_word' id='word_1_53' title='bbox 301 857 331 912; x_wconf 89' lang='lat' dir='ltr'>et</span> <span class='ocrx_word' id='word_1_54' title='bbox 353 854 464 912; x_wconf 90' lang='lat' dir='ltr'>munda</span> <span class='ocrx_word' id='word_1_55' title='bbox 492 854 659 913; x_wconf 73' lang='lat' dir='ltr'>mittantur.</span> <span class='ocrx_word' id='word_1_56' title='bbox 705 854 750 912; x_wconf 92' lang='lat' dir='ltr'>De</span> <span class='ocrx_word' id='word_1_57' title='bbox 772 853 882 912; x_wconf 87' lang='lat' dir='ltr'>hordeo</span> <span class='ocrx_word' id='word_1_58' title='bbox 912 870 1028 928; x_wconf 90' lang='lat' dir='ltr'>quoque</span> <span class='ocrx_word' id='word_1_59' title='bbox 1052 872 1116 912; x_wconf 92' lang='lat' dir='ltr'>non</span> <span class='ocrx_word' id='word_1_60' title='bbox 1141 858 1186 913; x_wconf 91' lang='lat' dir='ltr'>est</span> 
     </span>
     <span class='ocr_line' id='line_1_9' title="bbox 166 941 1186 1018; baseline -0.003 -15"><span class='ocrx_word' id='word_1_61' title='bbox 166 943 334 1003; x_wconf 86' lang='lat' dir='ltr'>sollicitudo</span> <span class='ocrx_word' id='word_1_62' title='bbox 364 943 530 1017; x_wconf 87' lang='lat' dir='ltr'>dissimilis,</span> <span class='ocrx_word' id='word_1_63' title='bbox 557 963 593 1002; x_wconf 92' lang='lat' dir='ltr'>ne</span> <span class='ocrx_word' id='word_1_64' title='bbox 623 946 676 1001; x_wconf 89' lang='lat' dir='ltr'>aut</span> <span class='ocrx_word' id='word_1_65' title='bbox 702 941 942 1018; x_wconf 82' lang='lat' dir='ltr'>pulverulentum</span> <span class='ocrx_word' id='word_1_66' title='bbox 964 944 1005 1000; x_wconf 88' lang='lat' dir='ltr'>sit</span> <span class='ocrx_word' id='word_1_67' title='bbox 1027 946 1082 1000; x_wconf 82' lang='lat' dir='ltr'>aut</span> <span class='ocrx_word' id='word_1_68' title='bbox 1106 944 1186 1018; x_wconf 89' lang='lat' dir='ltr'>lapi-</span> 
     </span>
     <span class='ocr_line' id='line_1_10' title="bbox 166 1031 1186 1106; baseline -0.001 -14"><span class='ocrx_word' id='word_1_69' title='bbox 166 1033 270 1092; x_wconf 92' lang='lat' dir='ltr'>dosum</span> <span class='ocrx_word' id='word_1_70' title='bbox 297 1035 350 1090; x_wconf 91' lang='lat' dir='ltr'>aut</span> <span class='ocrx_word' id='word_1_71' title='bbox 379 1031 529 1090; x_wconf 93' lang='lat' dir='ltr'>mucidum</span> <span class='ocrx_word' id='word_1_72' title='bbox 555 1035 608 1091; x_wconf 90' lang='lat' dir='ltr'>aut</span> <span class='ocrx_word' id='word_1_73' title='bbox 637 1034 785 1091; x_wconf 86' lang='lat' dir='ltr'>vetustate</span> <span class='ocrx_word' id='word_1_74' title='bbox 816 1034 987 1106; x_wconf 88' lang='lat' dir='ltr'>corruptum</span> <span class='ocrx_word' id='word_1_75' title='bbox 1018 1034 1072 1090; x_wconf 92' lang='lat' dir='ltr'>aut</span> <span class='ocrx_word' id='word_1_76' title='bbox 1103 1035 1186 1091; x_wconf 88' lang='lat' dir='ltr'>certe</span> 
     </span>
     <span class='ocr_line' id='line_1_11' title="bbox 165 1120 1222 1197; baseline 0 -18"><span class='ocrx_word' id='word_1_77' title='bbox 165 1140 265 1180; x_wconf 89' lang='lat' dir='ltr'>recens</span> <span class='ocrx_word' id='word_1_78' title='bbox 288 1120 323 1179; x_wconf 93' lang='lat' dir='ltr'>de</span> <span class='ocrx_word' id='word_1_79' title='bbox 354 1123 430 1180; x_wconf 89' lang='lat' dir='ltr'>areis</span> <span class='ocrx_word' id='word_1_80' title='bbox 458 1124 609 1197; x_wconf 90' lang='lat' dir='ltr'>sumptum</span> <span class='ocrx_word' id='word_1_81' title='bbox 639 1121 757 1196; x_wconf 85' lang='lat' dir='ltr'>etipsa</span> <span class='ocrx_word' id='word_1_82' title='bbox 786 1122 920 1179; x_wconf 85' lang='lat' dir='ltr'>novitate</span> <span class='ocrx_word' id='word_1_83' title='bbox 948 1121 1222 1195; x_wconf 74' lang='lat' dir='ltr'>praefervidum.1e</span> 
     </span>
     <span class='ocr_line' id='line_1_12' title="bbox 133 1209 1185 1287; baseline 0.003 -20"><span class='ocrx_word' id='word_1_84' title='bbox 133 1211 254 1285; x_wconf 81' lang='lat' dir='ltr'>9Aqua</span> <span class='ocrx_word' id='word_1_85' title='bbox 281 1211 373 1268; x_wconf 86' lang='lat' dir='ltr'>etiam</span> <span class='ocrx_word' id='word_1_86' title='bbox 399 1209 525 1285; x_wconf 90' lang='lat' dir='ltr'>limpida</span> <span class='ocrx_word' id='word_1_87' title='bbox 552 1228 587 1269; x_wconf 92' lang='lat' dir='ltr'>ac</span> <span class='ocrx_word' id='word_1_88' title='bbox 613 1209 725 1287; x_wconf 83' lang='lat' dir='ltr'>frigida</span> <span class='ocrx_word' id='word_1_89' title='bbox 755 1212 785 1268; x_wconf 93' lang='lat' dir='ltr'>et</span> <span class='ocrx_word' id='word_1_90' title='bbox 806 1211 943 1284; x_wconf 89' lang='lat' dir='ltr'>perennis</span> <span class='ocrx_word' id='word_1_91' title='bbox 972 1227 1007 1267; x_wconf 93' lang='lat' dir='ltr'>ac</span> <span class='ocrx_word' id='word_1_92' title='bbox 1028 1209 1185 1284; x_wconf 89' lang='lat' dir='ltr'>profluens</span> 
     </span>
     <span class='ocr_line' id='line_1_13' title="bbox 166 1297 1185 1374; baseline 0.002 -18"><span class='ocrx_word' id='word_1_93' title='bbox 166 1297 362 1357; x_wconf 88' lang='lat' dir='ltr'>ministranda</span> <span class='ocrx_word' id='word_1_94' title='bbox 386 1301 438 1372; x_wconf 88' lang='lat' dir='ltr'>est,</span> <span class='ocrx_word' id='word_1_95' title='bbox 460 1318 530 1356; x_wconf 89' lang='lat' dir='ltr'>nam</span> <span class='ocrx_word' id='word_1_96' title='bbox 549 1299 691 1374; x_wconf 90' lang='lat' dir='ltr'>quicquid</span> <span class='ocrx_word' id='word_1_97' title='bbox 709 1300 741 1356; x_wconf 95' lang='lat' dir='ltr'>in</span> <span class='ocrx_word' id='word_1_98' title='bbox 763 1302 837 1373; x_wconf 87' lang='lat' dir='ltr'>potu</span> <span class='ocrx_word' id='word_1_99' title='bbox 855 1299 977 1356; x_wconf 83' lang='lat' dir='ltr'>noxium</span> <span class='ocrx_word' id='word_1_100' title='bbox 995 1301 1050 1371; x_wconf 84' lang='lat' dir='ltr'>est,</span> <span class='ocrx_word' id='word_1_101' title='bbox 1073 1302 1185 1358; x_wconf 88' lang='lat' dir='ltr'>veneni</span> 
     </span>
     <span class='ocr_line' id='line_1_14' title="bbox 111 1385 1185 1451; baseline -0.004 0"><span class='ocrx_word' id='word_1_102' title='bbox 111 1395 151 1451; x_wconf 90' lang='lat'>10</span> <span class='ocrx_word' id='word_1_103' title='bbox 165 1389 247 1446; x_wconf 85' lang='lat' dir='ltr'>virus</span> <span class='ocrx_word' id='word_1_104' title='bbox 269 1388 413 1446; x_wconf 89' lang='lat' dir='ltr'>imitatur.</span> <span class='ocrx_word' id='word_1_105' title='bbox 458 1387 511 1446; x_wconf 91' lang='lat' dir='ltr'>Bis</span> <span class='ocrx_word' id='word_1_106' title='bbox 538 1390 570 1445; x_wconf 89' lang='lat' dir='ltr'>in</span> <span class='ocrx_word' id='word_1_107' title='bbox 600 1388 647 1445; x_wconf 89' lang='lat' dir='ltr'>die</span> <span class='ocrx_word' id='word_1_108' title='bbox 677 1388 840 1445; x_wconf 89' lang='lat' dir='ltr'>multorum</span> <span class='ocrx_word' id='word_1_109' title='bbox 868 1385 1004 1445; x_wconf 90' lang='lat' dir='ltr'>manibus</span> <span class='ocrx_word' id='word_1_110' title='bbox 1034 1389 1185 1447; x_wconf 90' lang='lat' dir='ltr'>animalia</span> 
     </span>
     <span class='ocr_line' id='line_1_15' title="bbox 166 1476 1185 1551; baseline 0.002 -17"><span class='ocrx_word' id='word_1_111' title='bbox 166 1480 235 1535; x_wconf 88' lang='lat' dir='ltr'>sunt</span> <span class='ocrx_word' id='word_1_112' title='bbox 248 1478 312 1534; x_wconf 90' lang='lat' dir='ltr'>toto</span> <span class='ocrx_word' id='word_1_113' title='bbox 332 1494 454 1550; x_wconf 86' lang='lat' dir='ltr'>corpore</span> <span class='ocrx_word' id='word_1_114' title='bbox 469 1476 673 1548; x_wconf 71' lang='lat' dir='ltr'>confricanda,</span> <span class='ocrx_word' id='word_1_115' title='bbox 693 1495 769 1551; x_wconf 91' lang='lat' dir='ltr'>quae</span> <span class='ocrx_word' id='word_1_116' title='bbox 784 1494 854 1535; x_wconf 86' lang='lat' dir='ltr'>cura</span> <span class='ocrx_word' id='word_1_117' title='bbox 872 1478 903 1534; x_wconf 93' lang='lat' dir='ltr'>et</span> <span class='ocrx_word' id='word_1_118' title='bbox 920 1476 1185 1536; x_wconf 87' lang='lat' dir='ltr'>mansuetudinem</span> 
     </span>
     <span class='ocr_line' id='line_1_16' title="bbox 166 1564 1219 1642; baseline 0.002 -20"><span class='ocrx_word' id='word_1_119' title='bbox 166 1565 252 1624; x_wconf 90' lang='lat' dir='ltr'>docet</span> <span class='ocrx_word' id='word_1_120' title='bbox 288 1568 318 1622; x_wconf 93' lang='lat' dir='ltr'>et</span> <span class='ocrx_word' id='word_1_121' title='bbox 350 1565 451 1624; x_wconf 83' lang='lat' dir='ltr'>laxata</span> <span class='ocrx_word' id='word_1_122' title='bbox 488 1569 554 1623; x_wconf 88' lang='lat' dir='ltr'>cute</span> <span class='ocrx_word' id='word_1_123' title='bbox 585 1564 774 1641; x_wconf 82' lang='lat' dir='ltr'>pinguedinis</span> <span class='ocrx_word' id='word_1_124' title='bbox 811 1566 944 1640; x_wconf 89' lang='lat' dir='ltr'>praestat</span> <span class='ocrx_word' id='word_1_125' title='bbox 976 1569 1184 1642; x_wconf 88' lang='lat' dir='ltr'>augmentum.</span> <span class='ocrx_word' id='word_1_126' title='bbox 1198 1591 1219 1631; x_wconf 85' lang='lat' dir='ltr'>u</span> 
     </span>
     <span class='ocr_line' id='line_1_17' title="bbox 165 1653 1250 1730; baseline 0.003 -18"><span class='ocrx_word' id='word_1_127' title='bbox 165 1653 317 1712; x_wconf 83' lang='lat' dir='ltr'>Hordeum</span> <span class='ocrx_word' id='word_1_128' title='bbox 341 1673 456 1730; x_wconf 88' lang='lat' dir='ltr'>quoque</span> <span class='ocrx_word' id='word_1_129' title='bbox 479 1673 538 1712; x_wconf 92' lang='lat' dir='ltr'>non</span> <span class='ocrx_word' id='word_1_130' title='bbox 566 1655 657 1712; x_wconf 90' lang='lat' dir='ltr'>semel</span> <span class='ocrx_word' id='word_1_131' title='bbox 679 1672 733 1712; x_wconf 90' lang='lat' dir='ltr'>nec</span> <span class='ocrx_word' id='word_1_132' title='bbox 759 1654 805 1712; x_wconf 94' lang='lat' dir='ltr'>bis</span> <span class='ocrx_word' id='word_1_133' title='bbox 833 1653 884 1713; x_wconf 91' lang='lat' dir='ltr'>sed</span> <span class='ocrx_word' id='word_1_134' title='bbox 905 1653 1041 1728; x_wconf 90' lang='lat' dir='ltr'>pluribus</span> <span class='ocrx_word' id='word_1_135' title='bbox 1065 1657 1184 1730; x_wconf 88' lang='lat' dir='ltr'>portio·</span> <span class='ocrx_word' id='word_1_136' title='bbox 1249 1705 1250 1714; x_wconf 68' lang='grc'>,</span> 
     </span>
     <span class='ocr_line' id='line_1_18' title="bbox 166 1741 1184 1822; baseline 0.003 -22"><span class='ocrx_word' id='word_1_137' title='bbox 166 1743 252 1801; x_wconf 90' lang='lat' dir='ltr'>nibus</span> <span class='ocrx_word' id='word_1_138' title='bbox 275 1741 412 1817; x_wconf 89' lang='lat' dir='ltr'>praeberi</span> <span class='ocrx_word' id='word_1_139' title='bbox 434 1745 584 1801; x_wconf 84' lang='lat' dir='ltr'>convenit:</span> <span class='ocrx_word' id='word_1_140' title='bbox 613 1742 760 1818; x_wconf 88' lang='lat' dir='ltr'>quidquid</span> <span class='ocrx_word' id='word_1_141' title='bbox 786 1743 864 1800; x_wconf 90' lang='lat' dir='ltr'>enim</span> <span class='ocrx_word' id='word_1_142' title='bbox 887 1742 1035 1818; x_wconf 90' lang='lat' dir='ltr'>paulatim</span> <span class='ocrx_word' id='word_1_143' title='bbox 1058 1762 1184 1822; x_wconf 87' lang='lat' dir='ltr'>accepe-</span> 
     </span>
     <span class='ocr_line' id='line_1_19' title="bbox 165 1830 1248 1910; baseline 0.004 -22"><span class='ocrx_word' id='word_1_144' title='bbox 165 1833 240 1903; x_wconf 87' lang='lat' dir='ltr'>rint,</span> <span class='ocrx_word' id='word_1_145' title='bbox 269 1831 404 1909; x_wconf 89' lang='lat' dir='ltr'>legitima</span> <span class='ocrx_word' id='word_1_146' title='bbox 434 1832 598 1910; x_wconf 87' lang='lat' dir='ltr'>digestione</span> <span class='ocrx_word' id='word_1_147' title='bbox 628 1831 801 1906; x_wconf 67' lang='lat' dir='ltr'>conficiunt,</span> <span class='ocrx_word' id='word_1_148' title='bbox 831 1830 911 1906; x_wconf 92' lang='lat' dir='ltr'>quod</span> <span class='ocrx_word' id='word_1_149' title='bbox 933 1850 1002 1890; x_wconf 87' lang='lat' dir='ltr'>vero</span> <span class='ocrx_word' id='word_1_150' title='bbox 1033 1835 1128 1892; x_wconf 89' lang='lat' dir='ltr'>semel</span> <span class='ocrx_word' id='word_1_151' title='bbox 1153 1839 1185 1892; x_wconf 88' lang='lat' dir='ltr'>et</span> <span class='ocrx_word' id='word_1_152' title='bbox 1247 1887 1248 1892; x_wconf 73' lang='grc'>,</span> 
     </span>
     <span class='ocr_line' id='line_1_20' title="bbox 166 1919 1249 1999; baseline 0 -21"><span class='ocrx_word' id='word_1_153' title='bbox 166 1921 325 1979; x_wconf 89' lang='lat' dir='ltr'>enormiter</span> <span class='ocrx_word' id='word_1_154' title='bbox 348 1923 539 1996; x_wconf 89' lang='lat' dir='ltr'>sumpserint,</span> <span class='ocrx_word' id='word_1_155' title='bbox 570 1939 637 1979; x_wconf 90' lang='lat' dir='ltr'>cum</span> <span class='ocrx_word' id='word_1_156' title='bbox 666 1920 735 1979; x_wconf 93' lang='lat' dir='ltr'>fimo</span> <span class='ocrx_word' id='word_1_157' title='bbox 758 1919 939 1998; x_wconf 90' lang='lat' dir='ltr'>indigestum</span> <span class='ocrx_word' id='word_1_158' title='bbox 967 1922 1183 1999; x_wconf 83' lang='lat' dir='ltr'>integrumque</span> <span class='ocrx_word' id='word_1_159' title='bbox 1248 1967 1249 1978; x_wconf 67' lang='grc'>,</span> 
     </span>
     <span class='ocr_line' id='line_1_21' title="bbox 110 2010 1249 2075; baseline 0.002 -3"><span class='ocrx_word' id='word_1_160' title='bbox 110 2017 147 2072; x_wconf 92' lang='grc'>11</span> <span class='ocrx_word' id='word_1_161' title='bbox 164 2010 381 2068; x_wconf 88' lang='lat' dir='ltr'>transmittunt.</span> <span class='ocrx_word' id='word_1_162' title='bbox 426 2010 566 2068; x_wconf 90' lang='lat' dir='ltr'>Vicinum</span> <span class='ocrx_word' id='word_1_163' title='bbox 593 2028 664 2068; x_wconf 87' lang='lat' dir='ltr'>vero</span> <span class='ocrx_word' id='word_1_164' title='bbox 687 2010 804 2068; x_wconf 88' lang='lat' dir='ltr'>stabulo</span> <span class='ocrx_word' id='word_1_165' title='bbox 832 2010 971 2069; x_wconf 87' lang='lat' dir='ltr'>convenit</span> <span class='ocrx_word' id='word_1_166' title='bbox 993 2028 1056 2069; x_wconf 90' lang='lat' dir='ltr'>esse</span> <span class='ocrx_word' id='word_1_167' title='bbox 1079 2011 1183 2070; x_wconf 93' lang='lat' dir='ltr'>locum</span> <span class='ocrx_word' id='word_1_168' title='bbox 1196 2035 1218 2075; x_wconf 77' lang='lat' dir='ltr'>ro</span> <span class='ocrx_word' id='word_1_169' title='bbox 1248 2027 1249 2030; x_wconf 75' lang='grc'>’</span> 
     </span>
     <span class='ocr_line' id='line_1_22' title="bbox 166 2059 1249 2194; baseline 0.002 -36"><span class='ocrx_word' id='word_1_170' title='bbox 166 2098 248 2158; x_wconf 90' lang='lat' dir='ltr'>arido</span> <span class='ocrx_word' id='word_1_171' title='bbox 267 2101 395 2157; x_wconf 87' lang='lat' dir='ltr'>stercore</span> <span class='ocrx_word' id='word_1_172' title='bbox 417 2101 466 2158; x_wconf 88' lang='lat' dir='ltr'>vel</span> <span class='ocrx_word' id='word_1_173' title='bbox 487 2099 582 2175; x_wconf 88' lang='lat' dir='ltr'>paleis</span> <span class='ocrx_word' id='word_1_174' title='bbox 601 2098 740 2157; x_wconf 86' lang='lat' dir='ltr'>mollibus</span> <span class='ocrx_word' id='word_1_175' title='bbox 763 2098 947 2173; x_wconf 81' lang='lat' dir='ltr'>adopertum,</span> <span class='ocrx_word' id='word_1_176' title='bbox 969 2097 1001 2156; x_wconf 90' lang='lat' dir='ltr'>in</span> <span class='ocrx_word' id='word_1_177' title='bbox 1025 2118 1084 2174; x_wconf 93' lang='lat' dir='ltr'>quo</span> <span class='ocrx_word' id='word_1_178' title='bbox 1110 2104 1183 2160; x_wconf 90' lang='lat' dir='ltr'>ante</span> <span class='ocrx_word' id='word_1_179' title='bbox 1247 2059 1249 2194; x_wconf 63' lang='grc'>1</span> 
     </span>
     <span class='ocr_line' id='line_1_23' title="bbox 164 2187 1182 2263; baseline 0.003 -17"><span class='ocrx_word' id='word_1_180' title='bbox 164 2190 268 2263; x_wconf 90' lang='lat' dir='ltr'>potum</span> <span class='ocrx_word' id='word_1_181' title='bbox 291 2188 434 2247; x_wconf 89' lang='lat' dir='ltr'>animalia</span> <span class='ocrx_word' id='word_1_182' title='bbox 462 2189 643 2247; x_wconf 86' lang='lat' dir='ltr'>volutentur.</span> <span class='ocrx_word' id='word_1_183' title='bbox 689 2187 773 2257; x_wconf 83' lang='lat' dir='ltr'>Quod</span> <span class='ocrx_word' id='word_1_184' title='bbox 801 2190 973 2247; x_wconf 82' lang='lat' dir='ltr'>exercitium</span> <span class='ocrx_word' id='word_1_185' title='bbox 1001 2190 1031 2246; x_wconf 93' lang='lat' dir='ltr'>et</span> <span class='ocrx_word' id='word_1_186' title='bbox 1053 2189 1182 2249; x_wconf 88' lang='lat' dir='ltr'>sanitati</span> 
     </span>
     <span class='ocr_line' id='line_1_24' title="bbox 163 2276 1183 2354; baseline 0.004 -20"><span class='ocrx_word' id='word_1_187' title='bbox 163 2276 281 2351; x_wconf 88' lang='lat' dir='ltr'>proficit</span> <span class='ocrx_word' id='word_1_188' title='bbox 299 2280 329 2335; x_wconf 89' lang='lat' dir='ltr'>et</span> <span class='ocrx_word' id='word_1_189' title='bbox 345 2277 466 2335; x_wconf 89' lang='lat' dir='ltr'>initium</span> <span class='ocrx_word' id='word_1_190' title='bbox 481 2276 676 2354; x_wconf 83' lang='lat' dir='ltr'>aegritudinis</span> <span class='ocrx_word' id='word_1_191' title='bbox 694 2279 850 2350; x_wconf 84' lang='lat' dir='ltr'>monstrat,</span> <span class='ocrx_word' id='word_1_192' title='bbox 867 2296 938 2335; x_wconf 92' lang='lat' dir='ltr'>nam</span> <span class='ocrx_word' id='word_1_193' title='bbox 957 2279 1095 2351; x_wconf 89' lang='lat' dir='ltr'>quotiens</span> <span class='ocrx_word' id='word_1_194' title='bbox 1116 2282 1183 2338; x_wconf 87' lang='lat' dir='ltr'>ani-</span> 
     </span>
    </p>
   </div>
   <div class='ocr_carea' id='block_1_3' title="bbox 236 2467 1247 2596">
    <p class='ocr_par' dir='ltr' id='par_1_3' title="bbox 236 2467 1247 2596">
     <span class='ocr_line' id='line_1_25' title="bbox 236 2467 1247 2596; baseline -0.002 -61"><span class='ocrx_word' id='word_1_195' title='bbox 236 2488 268 2535; x_wconf 82' lang='lat'>13</span> <span class='ocrx_word' id='word_1_196' title='bbox 287 2482 344 2536; x_wconf 75' lang='lat' dir='ltr'>Pel.</span> <span class='ocrx_word' id='word_1_197' title='bbox 361 2499 375 2534; x_wconf 76' lang='lat' dir='ltr'>e</span> <span class='ocrx_word' id='word_1_198' title='bbox 399 2487 433 2534; x_wconf 83' lang='lat' dir='ltr'>ao</span> <span class='ocrx_word' id='word_1_199' title='bbox 447 2500 474 2550; x_wconf 80' lang='lat' dir='ltr'>p.</span> <span class='ocrx_word' id='word_1_200' title='bbox 490 2486 533 2548; x_wconf 83' lang='lat'>40,</span> <span class='ocrx_word' id='word_1_201' title='bbox 549 2486 582 2534; x_wconf 85' lang='lat'>19</span> <span class='ocrx_word' id='word_1_202' title='bbox 602 2498 636 2534; x_wconf 80' lang='lat' dir='ltr'>ex</span> <span class='ocrx_word' id='word_1_203' title='bbox 655 2479 712 2534; x_wconf 77' lang='lat'>001.</span> <span class='ocrx_word' id='word_1_204' title='bbox 727 2480 765 2534; x_wconf 82' lang='lat' dir='ltr'>VI</span> <span class='ocrx_word' id='word_1_205' title='bbox 780 2486 823 2548; x_wconf 83' lang='lat' dir='ltr'>so,</span> <span class='ocrx_word' id='word_1_206' title='bbox 839 2487 862 2536; x_wconf 86' lang='lat'>1.</span> <span class='ocrx_word' id='word_1_207' title='bbox 1245 2467 1247 2596; x_wconf 48' lang='grc'>1</span> 
     </span>
    </p>
   </div>
   <div class='ocr_carea' id='block_1_4' title="bbox 164 2676 1246 3228">
    <p class='ocr_par' dir='ltr' id='par_1_4' title="bbox 164 2599 1247 3228">
     <span class='ocr_line' id='line_1_26' title="bbox 236 2676 1182 2748; baseline 0.003 -17"><span class='ocrx_word' id='word_1_208' title='bbox 236 2685 249 2731; x_wconf 95' lang='grc'>1</span> <span class='ocrx_word' id='word_1_209' title='bbox 271 2682 300 2732; x_wconf 87' lang='lat' dir='ltr'>et</span> <span class='ocrx_word' id='word_1_210' title='bbox 317 2688 367 2732; x_wconf 83' lang='lat' dir='ltr'>om.</span> <span class='ocrx_word' id='word_1_211' title='bbox 383 2680 410 2731; x_wconf 90' lang='lat' dir='ltr'><strong><em>A</em></strong></span> <span class='ocrx_word' id='word_1_212' title='bbox 426 2680 430 2745; x_wconf 90' lang='grc'>1</span> <span class='ocrx_word' id='word_1_213' title='bbox 450 2694 516 2730; x_wconf 91' lang='lat' dir='ltr'>nam</span> <span class='ocrx_word' id='word_1_214' title='bbox 534 2678 596 2731; x_wconf 80' lang='lat' dir='ltr'>FP</span> <span class='ocrx_word' id='word_1_215' title='bbox 611 2678 695 2730; x_wconf 90' lang='lat' dir='ltr'>nocet</span> <span class='ocrx_word' id='word_1_216' title='bbox 712 2679 829 2730; x_wconf 90' lang='lat' dir='ltr'>naturae</span> <span class='ocrx_word' id='word_1_217' title='bbox 847 2678 919 2747; x_wconf 79' lang='lat' dir='ltr'>culp.</span> <span class='ocrx_word' id='word_1_218' title='bbox 941 2676 946 2748; x_wconf 90' lang='grc' dir='ltr'>Ι</span> <span class='ocrx_word' id='word_1_219' title='bbox 966 2680 1083 2747; x_wconf 90' lang='lat' dir='ltr'>propter</span> <span class='ocrx_word' id='word_1_220' title='bbox 1101 2681 1182 2748; x_wconf 90' lang='lat' dir='ltr'>quod</span> 
     </span>
     <span class='ocr_line' id='line_1_27' title="bbox 164 2748 1246 2872; baseline 0.002 -68"><span class='ocrx_word' id='word_1_221' title='bbox 164 2752 203 2804; x_wconf 83' lang='lat' dir='ltr'>cd.</span> <span class='ocrx_word' id='word_1_222' title='bbox 210 2768 255 2819; x_wconf 80' lang='lat' dir='ltr'>pr.</span> <span class='ocrx_word' id='word_1_223' title='bbox 266 2751 294 2803; x_wconf 99' lang='lat' dir='ltr'><strong><em>A</em></strong></span> <span class='ocrx_word' id='word_1_224' title='bbox 306 2767 347 2817; x_wconf 91' lang='lat' dir='ltr'>pr.</span> <span class='ocrx_word' id='word_1_225' title='bbox 357 2749 411 2802; x_wconf 91' lang='lat' dir='ltr'>hoc</span> <span class='ocrx_word' id='word_1_226' title='bbox 421 2748 496 2816; x_wconf 90' lang='lat' dir='ltr'>quod</span> <span class='ocrx_word' id='word_1_227' title='bbox 506 2748 537 2802; x_wconf 84' lang='lat' dir='ltr'>F</span> <span class='ocrx_word' id='word_1_228' title='bbox 547 2751 661 2829; x_wconf 77' lang='lat' dir='ltr'>praeter</span> <span class='ocrx_word' id='word_1_229' title='bbox 669 2748 739 2802; x_wconf 90' lang='lat' dir='ltr'>haec</span> <span class='ocrx_word' id='word_1_230' title='bbox 749 2749 824 2816; x_wconf 90' lang='lat' dir='ltr'>quod</span> <span class='ocrx_word' id='word_1_231' title='bbox 834 2750 862 2801; x_wconf 93' lang='lat' dir='ltr'><strong><em>P</em></strong></span> <span class='ocrx_word' id='word_1_232' title='bbox 872 2750 881 2816; x_wconf 88' lang='lat' dir='ltr'>l</span> <span class='ocrx_word' id='word_1_233' title='bbox 896 2754 912 2800; x_wconf 86' lang='lat'><strong>3</strong></span> <span class='ocrx_word' id='word_1_234' title='bbox 925 2750 1122 2872; x_wconf 63' lang='lat' dir='ltr'>producantur</span> <span class='ocrx_word' id='word_1_235' title='bbox 1133 2754 1162 2806; x_wconf 95' lang='lat' dir='ltr'><strong><em>P</em></strong></span> <span class='ocrx_word' id='word_1_236' title='bbox 1175 2753 1178 2822; x_wconf 74' lang='lat' dir='ltr'>l</span> <span class='ocrx_word' id='word_1_237' title='bbox 1245 2759 1246 2850; x_wconf 40' lang='lat' dir='ltr'>p</span> 
     </span>
     <span class='ocr_line' id='line_1_28' title="bbox 165 2818 1181 2961; baseline 0.005 -17"><span class='ocrx_word' id='word_1_238' title='bbox 165 2837 305 2958; x_wconf 54' lang='lat' dir='ltr'>tt</span> <span class='ocrx_word' id='word_1_239' title='bbox 320 2818 812 2961; x_wconf 46' lang='lat' dir='ltr'>tlttlttlllllztttl&#39;</span> <span class='ocrx_word' id='word_1_240' title='bbox 826 2824 928 2944; x_wconf 56' lang='lat' dir='ltr'>{pil</span> <span class='ocrx_word' id='word_1_241' title='bbox 944 2822 1181 2949; x_wconf 52' lang='lat' dir='ltr'>{litim</span> 
     </span>
     <span class='ocr_line' id='line_1_29' title="bbox 164 2960 1245 3032; baseline 0.007 -16"><span class='ocrx_word' id='word_1_242' title='bbox 164 2960 1186 3032; x_wconf 69' lang='lat' dir='ltr'>b.o.Vlllacm.Aletm.m.om.Plerited.pr.fl10aerisF</span> <span class='ocrx_word' id='word_1_243' title='bbox 1243 3011 1245 3024; x_wconf 64' lang='grc'>,</span> 
     </span>
     <span class='ocr_line' id='line_1_30' title="bbox 165 3032 1180 3103; baseline 0.005 -17"><span class='ocrx_word' id='word_1_244' title='bbox 165 3035 199 3087; x_wconf 92' lang='lat' dir='ltr'>de</span> <span class='ocrx_word' id='word_1_245' title='bbox 218 3032 290 3087; x_wconf 85' lang='lat' dir='ltr'>areis</span> <span class='ocrx_word' id='word_1_246' title='bbox 312 3048 408 3086; x_wconf 89' lang='lat' dir='ltr'>recens</span> <span class='ocrx_word' id='word_1_247' title='bbox 428 3034 455 3085; x_wconf 91' lang='lat' dir='ltr'><strong><em>P</em></strong></span> <span class='ocrx_word' id='word_1_248' title='bbox 486 3032 489 3103; x_wconf 70' lang='lat' dir='ltr'>l</span> <span class='ocrx_word' id='word_1_249' title='bbox 523 3032 738 3101; x_wconf 85' lang='lat' dir='ltr'>praeferendum</span> <span class='ocrx_word' id='word_1_250' title='bbox 761 3033 801 3086; x_wconf 83' lang='lat' dir='ltr'>ecl.</span> <span class='ocrx_word' id='word_1_251' title='bbox 817 3050 861 3101; x_wconf 82' lang='lat' dir='ltr'>pr.</span> <span class='ocrx_word' id='word_1_252' title='bbox 880 3032 1070 3101; x_wconf 85' lang='lat' dir='ltr'>perfervidum</span> <span class='ocrx_word' id='word_1_253' title='bbox 1089 3038 1157 3091; x_wconf 84' lang='lat' dir='ltr'>AF</span> <span class='ocrx_word' id='word_1_254' title='bbox 1179 3041 1180 3060; x_wconf 67' lang='lat'>¹</span> 
     </span>
     <span class='ocr_line' id='line_1_31' title="bbox 167 3102 1180 3228; baseline 0.005 -70"><span class='ocrx_word' id='word_1_255' title='bbox 167 3110 198 3158; x_wconf 89' lang='lat'>11</span> <span class='ocrx_word' id='word_1_256' title='bbox 218 3121 251 3158; x_wconf 89' lang='lat' dir='ltr'>ac</span> <span class='ocrx_word' id='word_1_257' title='bbox 265 3121 314 3158; x_wconf 88' lang='lat' dir='ltr'>om.</span> <span class='ocrx_word' id='word_1_258' title='bbox 331 3107 376 3172; x_wconf 77' lang='grc' dir='ltr'>ΡΙ</span> <span class='ocrx_word' id='word_1_259' title='bbox 392 3102 478 3156; x_wconf 90' lang='lat' dir='ltr'>etiam</span> <span class='ocrx_word' id='word_1_260' title='bbox 492 3119 549 3172; x_wconf 87' lang='lat' dir='ltr'>per.</span> <span class='ocrx_word' id='word_1_261' title='bbox 565 3106 605 3157; x_wconf 86' lang='lat' dir='ltr'>ed.</span> <span class='ocrx_word' id='word_1_262' title='bbox 616 3106 700 3171; x_wconf 81' lang='lat' dir='ltr'>pr.A</span> <span class='ocrx_word' id='word_1_263' title='bbox 717 3109 720 3170; x_wconf 79' lang='grc' dir='ltr'>ι</span> <span class='ocrx_word' id='word_1_264' title='bbox 736 3103 1050 3228; x_wconf 50' lang='grc' dir='ltr'>ρεῐὴοωηίεΑΑρθῑθ.</span> <span class='ocrx_word' id='word_1_265' title='bbox 1068 3107 1094 3161; x_wconf 86' lang='lat' dir='ltr'><em>G</em></span> <span class='ocrx_word' id='word_1_266' title='bbox 1108 3125 1180 3163; x_wconf 83' lang='lat' dir='ltr'>corr.</span> 
     </span>
    </p>
   </div>
   <div class='ocr_carea' id='block_1_5' title="bbox 165 3174 1181 3600">
    <p class='ocr_par' dir='ltr' id='par_1_5' title="bbox 165 3174 1181 3600">
     <span class='ocr_line' id='line_1_32' title="bbox 167 3174 1180 3244; baseline 0.002 -13"><span class='ocrx_word' id='word_1_267' title='bbox 167 3175 206 3231; x_wconf 73' lang='grc' dir='ltr'>θ’</span> <span class='ocrx_word' id='word_1_268' title='bbox 222 3179 226 3244; x_wconf 91' lang='grc' dir='ltr'>Ι</span> <span class='ocrx_word' id='word_1_269' title='bbox 242 3175 319 3244; x_wconf 84' lang='lat' dir='ltr'>profl.</span> <span class='ocrx_word' id='word_1_270' title='bbox 334 3174 417 3228; x_wconf 89' lang='lat' dir='ltr'>nimis</span> <span class='ocrx_word' id='word_1_271' title='bbox 431 3192 466 3227; x_wconf 93' lang='lat' dir='ltr'>m.</span> <span class='ocrx_word' id='word_1_272' title='bbox 478 3177 506 3228; x_wconf 93' lang='lat' dir='ltr'><strong><em>P</em></strong></span> <span class='ocrx_word' id='word_1_273' title='bbox 516 3178 526 3244; x_wconf 76' lang='grc' dir='ltr'>Η</span> <span class='ocrx_word' id='word_1_274' title='bbox 541 3180 573 3228; x_wconf 77' lang='lat'>12</span> <span class='ocrx_word' id='word_1_275' title='bbox 589 3175 727 3242; x_wconf 92' lang='lat' dir='ltr'>quidquid</span> <span class='ocrx_word' id='word_1_276' title='bbox 741 3174 928 3243; x_wconf 86' lang='lat' dir='ltr'>importunius</span> <span class='ocrx_word' id='word_1_277' title='bbox 962 3176 1012 3241; x_wconf 89' lang='lat' dir='ltr'>uit,</span> <span class='ocrx_word' id='word_1_278' title='bbox 1029 3177 1105 3231; x_wconf 84' lang='lat' dir='ltr'>virus</span> <span class='ocrx_word' id='word_1_279' title='bbox 1121 3197 1180 3233; x_wconf 90' lang='lat' dir='ltr'>non</span> 
     </span>
     <span class='ocr_line' id='line_1_33' title="bbox 165 3246 1180 3320; baseline 0.005 -20"><span class='ocrx_word' id='word_1_280' title='bbox 165 3246 292 3300; x_wconf 90' lang='lat' dir='ltr'>admittit</span> <span class='ocrx_word' id='word_1_281' title='bbox 314 3248 352 3301; x_wconf 84' lang='lat' dir='ltr'>ed.</span> <span class='ocrx_word' id='word_1_282' title='bbox 371 3264 415 3315; x_wconf 81' lang='lat' dir='ltr'>pr.</span> <span class='ocrx_word' id='word_1_283' title='bbox 452 3248 461 3316; x_wconf 73' lang='lat' dir='ltr'>ll</span> <span class='ocrx_word' id='word_1_284' title='bbox 498 3251 531 3298; x_wconf 80' lang='lat'>13</span> <span class='ocrx_word' id='word_1_285' title='bbox 549 3246 637 3299; x_wconf 78' lang='lat' dir='ltr'>virtus</span> <span class='ocrx_word' id='word_1_286' title='bbox 658 3247 690 3300; x_wconf 82' lang='lat' dir='ltr'><em>F</em></span> <span class='ocrx_word' id='word_1_287' title='bbox 706 3247 771 3312; x_wconf 70' lang='lat' dir='ltr'>fort.</span> <span class='ocrx_word' id='word_1_288' title='bbox 792 3246 863 3299; x_wconf 88' lang='lat' dir='ltr'>vires</span> <span class='ocrx_word' id='word_1_289' title='bbox 902 3249 906 3314; x_wconf 83' lang='grc' dir='ltr'>Ι</span> <span class='ocrx_word' id='word_1_290' title='bbox 945 3248 1097 3302; x_wconf 86' lang='lat' dir='ltr'>comitatur</span> <span class='ocrx_word' id='word_1_291' title='bbox 1121 3252 1180 3320; x_wconf 74' lang='lat' dir='ltr'>Pp</span> 
     </span>
     <span class='ocr_line' id='line_1_34' title="bbox 167 3315 1181 3388; baseline 0.004 -17"><span class='ocrx_word' id='word_1_292' title='bbox 167 3323 201 3371; x_wconf 82' lang='lat'>14</span> <span class='ocrx_word' id='word_1_293' title='bbox 223 3316 306 3387; x_wconf 83' lang='lat' dir='ltr'>persr.</span> <span class='ocrx_word' id='word_1_294' title='bbox 331 3320 358 3371; x_wconf 91' lang='lat' dir='ltr'><strong><em>P</em></strong></span> <span class='ocrx_word' id='word_1_295' title='bbox 378 3317 513 3386; x_wconf 75' lang='lat' dir='ltr'>perconfr.</span> <span class='ocrx_word' id='word_1_296' title='bbox 529 3319 556 3370; x_wconf 90' lang='lat' dir='ltr'><strong><em>A</em></strong></span> <span class='ocrx_word' id='word_1_297' title='bbox 582 3320 592 3385; x_wconf 84' lang='grc'>11</span> <span class='ocrx_word' id='word_1_298' title='bbox 620 3321 653 3370; x_wconf 81' lang='lat'>15</span> <span class='ocrx_word' id='word_1_299' title='bbox 672 3315 837 3387; x_wconf 88' lang='lat' dir='ltr'>pinguedini</span> <span class='ocrx_word' id='word_1_300' title='bbox 856 3317 920 3371; x_wconf 82' lang='lat' dir='ltr'>AF</span> <span class='ocrx_word' id='word_1_301' title='bbox 942 3319 952 3388; x_wconf 80' lang='grc' dir='ltr'>ΙΙ</span> <span class='ocrx_word' id='word_1_302' title='bbox 977 3324 1008 3372; x_wconf 77' lang='grc'>11</span> <span class='ocrx_word' id='word_1_303' title='bbox 1029 3322 1181 3375; x_wconf 82' lang='lat' dir='ltr'>conveniet</span> 
     </span>
     <span class='ocr_line' id='line_1_35' title="bbox 166 3387 1180 3461; baseline 0.005 -20"><span class='ocrx_word' id='word_1_304' title='bbox 166 3389 206 3442; x_wconf 84' lang='lat' dir='ltr'>ed.</span> <span class='ocrx_word' id='word_1_305' title='bbox 217 3407 261 3458; x_wconf 84' lang='lat' dir='ltr'>pr.</span> <span class='ocrx_word' id='word_1_306' title='bbox 279 3389 283 3460; x_wconf 86' lang='grc' dir='ltr'>Ι</span> <span class='ocrx_word' id='word_1_307' title='bbox 300 3390 411 3457; x_wconf 82' lang='lat' dir='ltr'>quod&#39;e.</span> <span class='ocrx_word' id='word_1_308' title='bbox 422 3391 449 3442; x_wconf 91' lang='lat' dir='ltr'><strong><em>A</em></strong></span> <span class='ocrx_word' id='word_1_309' title='bbox 463 3406 530 3443; x_wconf 84' lang='lat' dir='ltr'>corr.</span> <span class='ocrx_word' id='word_1_310' title='bbox 546 3388 587 3442; x_wconf 80' lang='lat' dir='ltr'>A‘</span> <span class='ocrx_word' id='word_1_311' title='bbox 600 3392 609 3457; x_wconf 89' lang='grc' dir='ltr'>ΙΙ</span> <span class='ocrx_word' id='word_1_312' title='bbox 624 3393 657 3440; x_wconf 81' lang='lat'>20</span> <span class='ocrx_word' id='word_1_313' title='bbox 671 3387 866 3441; x_wconf 89' lang='lat' dir='ltr'>transmittant</span> <span class='ocrx_word' id='word_1_314' title='bbox 877 3391 905 3443; x_wconf 99' lang='lat' dir='ltr'><strong><em>A</em></strong></span> <span class='ocrx_word' id='word_1_315' title='bbox 920 3392 925 3458; x_wconf 85' lang='grc' dir='ltr'>Ι</span> <span class='ocrx_word' id='word_1_316' title='bbox 940 3389 1033 3444; x_wconf 86' lang='lat' dir='ltr'>vicino</span> <span class='ocrx_word' id='word_1_317' title='bbox 1047 3391 1079 3445; x_wconf 85' lang='lat' dir='ltr'><em>F</em></span> <span class='ocrx_word' id='word_1_318' title='bbox 1091 3395 1095 3461; x_wconf 83' lang='grc' dir='ltr'>Ι</span> <span class='ocrx_word' id='word_1_319' title='bbox 1111 3409 1180 3447; x_wconf 81' lang='lat' dir='ltr'>vero</span> 
     </span>
     <span class='ocr_line' id='line_1_36' title="bbox 165 3459 1178 3534; baseline 0.005 -21"><span class='ocrx_word' id='word_1_320' title='bbox 165 3477 207 3513; x_wconf 88' lang='lat' dir='ltr'>om</span> <span class='ocrx_word' id='word_1_321' title='bbox 231 3462 275 3529; x_wconf 89' lang='grc' dir='ltr'>ΡΙ</span> <span class='ocrx_word' id='word_1_322' title='bbox 292 3459 435 3513; x_wconf 88' lang='lat' dir='ltr'>stabulum</span> <span class='ocrx_word' id='word_1_323' title='bbox 452 3460 552 3513; x_wconf 84' lang='lat' dir='ltr'>etloco</span> <span class='ocrx_word' id='word_1_324' title='bbox 570 3461 737 3528; x_wconf 56' lang='grc'>1111111111</span> <span class='ocrx_word' id='word_1_325' title='bbox 753 3459 905 3527; x_wconf 81' lang='lat' dir='ltr'>pleribus</span> <span class='ocrx_word' id='word_1_326' title='bbox 924 3464 1080 3532; x_wconf 68' lang='lat' dir='ltr'>opPlltt</span> <span class='ocrx_word' id='word_1_327' title='bbox 1100 3477 1178 3534; x_wconf 85' lang='lat' dir='ltr'>aegr.</span> 
     </span>
     <span class='ocr_line' id='line_1_37' title="bbox 166 3531 889 3600; baseline 0.006 -18"><span class='ocrx_word' id='word_1_328' title='bbox 166 3531 265 3583; x_wconf 88' lang='lat' dir='ltr'>vitium</span> <span class='ocrx_word' id='word_1_329' title='bbox 282 3532 321 3584; x_wconf 84' lang='lat' dir='ltr'>ed.</span> <span class='ocrx_word' id='word_1_330' title='bbox 333 3549 377 3600; x_wconf 83' lang='lat' dir='ltr'>pr.</span> <span class='ocrx_word' id='word_1_331' title='bbox 392 3532 420 3584; x_wconf 98' lang='lat' dir='ltr'><strong><em>A</em></strong></span> <span class='ocrx_word' id='word_1_332' title='bbox 438 3533 472 3598; x_wconf 83' lang='lat' dir='ltr'>(v.</span> <span class='ocrx_word' id='word_1_333' title='bbox 488 3534 540 3597; x_wconf 76' lang='lat' dir='ltr'>ae.)</span> <span class='ocrx_word' id='word_1_334' title='bbox 555 3533 559 3599; x_wconf 88' lang='grc'>1</span> <span class='ocrx_word' id='word_1_335' title='bbox 576 3533 776 3583; x_wconf 82' lang='lat' dir='ltr'>commonstrat</span> <span class='ocrx_word' id='word_1_336' title='bbox 794 3531 834 3584; x_wconf 82' lang='lat' dir='ltr'>ed.</span> <span class='ocrx_word' id='word_1_337' title='bbox 847 3548 889 3599; x_wconf 83' lang='lat' dir='ltr'>pr.</span> 
     </span>
    </p>
   </div>
   <div class='ocr_carea' id='block_1_6' title="bbox 0 0 1264 3892">
    <p class='ocr_par' dir='ltr' id='par_1_6' title="bbox 0 0 1264 3892">
     <span class='ocr_line' id='line_1_38' title="bbox 0 0 1264 3892; baseline 0 0"><span class='ocrx_word' id='word_1_338' title='bbox 0 0 1264 3892; x_wconf 95' lang='lat' dir='ltr'> </span> 
     </span>
    </p>
   </div>
  </div>
 </body>
</html>
