2509 3892
157 162 223 226 304
598 146 748 216 vacari
823 159 826 166 ’

123 331 242 389 2cuius
270 331 416 405 quantum
439 330 568 388 volueris
595 330 736 405 ponderis
766 349 835 389 cum
859 330 974 389 decima
996 325 1083 407 parte
1108 333 1182 391 salis

156 420 357 478 hammoniaci
380 419 494 477 deteres
518 421 548 477 et
570 438 623 494 per
644 419 776 478 fistulam
800 421 885 478 oculo
908 420 1052 479 insufflas.
1096 419 1182 489 Quae

156 509 240 566 radix
259 512 349 567 tunsa
367 511 478 567 etcum
493 508 557 567 oleo
576 509 734 567 lentiscino
753 510 877 566 inuncta
897 508 1006 567 vitium
1021 515 1180 587 expurgat.

377 685 379 690 Ι
435 716 574 779 XXIII.
600 701 716 780 Contra
740 715 895 781 lacrimas.

209 934 399 1007 obtunditur,
423 954 513 1013 quam
538 936 685 1010 epiforam
706 939 827 1009 vocant,
847 935 969 1012 polenta
998 955 1033 994 er
1065 937 1180 995 hordeo

156 1024 252 1082 mulsa
276 1042 355 1097 aqua
383 1025 602 1100 conspergitur,
632 1044 709 1099 quae
737 1043 827 1100 super
848 1043 940 1102 genas
963 1027 994 1083 et
1017 1026 1180 1101 supercilia

122 1112 297 1188 himposita
324 1113 463 1188 reprimit
489 1114 651 1172 humorem.
698 1112 874 1173 Pastinacae
902 1133 1019 1189 quoque
1050 1118 1203 1191 agrestis·

157 1220 257 1260 semen
286 1203 317 1259 et
346 1220 432 1260 sucus
461 1202 583 1275 herbae,
613 1221 704 1276 quam
734 1204 930 1261 armoraciam
957 1207 1082 1277 vocant,
1112 1223 1180 1262 cum

156 1290 244 1349 melle
261 1290 350 1349 tritus
369 1291 522 1350 oculorum
540 1291 625 1350 sedat
643 1291 773 1352 dolores.
810 1291 980 1350 Memineris
999 1311 1081 1371 vero,
1106 1312 1218 1368 quo-12·

156 1380 233 1437 tiens
261 1380 320 1437 mel
347 1381 459 1439 aliosve
482 1398 566 1439 sucos
598 1380 737 1439 remediis
761 1380 898 1454 adhihes,
929 1384 965 1439 ut
995 1381 1081 1456 prius
1112 1382 1184 1457 pice

82 1483 84 1489 ’
156 1469 272 1543 liquida
291 1487 357 1528 cum
381 1469 446 1527 oleo
465 1468 653 1527 circumlinas
678 1470 788 1543 oculos
810 1489 848 1528 ne
870 1469 978 1529 muscis
1002 1470 1112 1546 apibus
1131 1472 1181 1529 rel

156 1560 254 1634 vespis
278 1558 463 1631 infestentur,
488 1576 560 1633 quas
584 1557 708 1617 dulcedo
731 1558 828 1616 mellis
851 1558 970 1618 invitat.

435 1766 565 1830 XXIV.
588 1766 645 1829 Ad
663 1768 895 1849 sanguisugam.

49 1888 168 1981 migra
164 1890 202 1928 43
248 1894 425 1970 Plerumque
454 1895 574 1969 hirudo,
599 1896 630 1954 id
661 1899 744 1956 ests
730 1898 925 1974 sanguisuga,
953 1897 979 1956 si
1008 1917 1078 1956 cum
1103 1903 1180 1974 potu
1195 1922 1218 1959 rs

210 1984 320 2042 hausta
342 1984 433 2042 fuerit
420 1988 482 2044 tet
508 1985 643 2044 faucibus
665 1985 814 2061 adhaeret,
837 1988 1013 2062 sanguinem
1039 1986 1180 2046 detrahet

157 2077 187 2132 et
215 2075 396 2132 incremento
429 2092 481 2132 suo
511 2075 656 2146 includet,
689 2077 742 2132 aut
772 2077 798 2134 si
829 2093 896 2133 cum
927 2075 1000 2135 cibis
1030 2075 1179 2135 devorata

156 2164 258 2221 fuerit:
288 2162 354 2221 oleo
381 2165 503 2239 tangere
534 2167 652 2238 oportet
681 2166 712 2221 ct
741 2164 865 2223 auferes.
912 2164 970 2223 Sed
997 2166 1024 2223 si
1047 2165 1177 2224 interius

155 2252 198 2326 fit,
221 2256 255 2310 ut
278 2270 368 2309 manu
391 2252 507 2310 detrahi
526 2270 586 2310 non
608 2252 712 2327 possit,
735 2271 862 2315 cannam
885 2254 933 2321 vel
951 2252 1085 2312 fistulam
1110 2274 1176 2330 per·

165 2401 168 2405 ’
229 2411 261 2457 15
282 2403 339 2457 Col.
355 2404 392 2457 VI
412 2409 453 2457 18.

228 2554 241 2600 1
262 2548 341 2599 cuius
361 2548 387 2601 L
405 2546 566 2600 huiusmodi
586 2548 625 2600 ed.
637 2565 681 2616 pr.
697 2548 724 2601 A
748 2550 756 2617 11
784 2553 800 2600 2
820 2547 929 2600 deteres
948 2550 977 2600 et
995 2563 1047 2615 per
1065 2548 1084 2600 f.
1102 2549 1130 2602 L
1149 2553 1179 2602 et

156 2635 218 2671 cum
232 2618 341 2686 (tritum
356 2619 388 2672 ci.
406 2619 498 2687 Geso)
517 2616 536 2669 f.
552 2619 591 2671 ed.
603 2637 648 2687 pr.
665 2621 691 2671 A
705 2621 744 2687 113
764 2619 781 2672 l.
801 2619 898 2672 iuncta
913 2619 939 2672 L
953 2618 1065 2672 lentisci
1085 2619 1178 2673 mixta

155 2691 195 2744 ed.
246 2691 295 2743 .A

207 2707 358 2814 pilemmo
376 2761 408 2814 ia
427 2762 454 2813 P
474 2762 482 2828 11
506 2767 521 2813 5
542 2760 565 2812 si
584 2776 687 2831 genere
704 2779 746 2829 pr.
761 2762 788 2815 L
806 2763 815 2829 11
837 2766 852 2813 6
872 2761 930 2815 obt.
946 2761 972 2814 L
991 2760 1179 2816 confunditur

156 2832 195 2885 ed.
206 2849 252 2900 pr.
271 2831 453 2884 contunditur
471 2833 518 2895 Al
542 2848 576 2884 ex
594 2832 699 2885 hordeo
718 2833 768 2885 del.
784 2832 862 2886 Saba.
887 2834 901 2900 11Ι
920 2837 934 2884 ‘l
955 2831 1064 2886 mulsae
1082 2849 1178 2901 aquae

155 2903 195 2956 ed.
207 2919 251 2969 pr.
267 2904 294 2956 A
313 2904 342 2955 et
359 2903 451 2955 mulsa
470 2918 545 2970 aqua
559 2903 585 2956 L
602 2906 605 2972 1
622 2903 825 2973 conspergique
845 2921 865 2956 s.
881 2920 955 2973 genu
975 2904 1002 2956 A
1021 2920 1178 2973 conspersa

157 2973 343 3042 1111111119
364 2990 457 3027 semen
477 2976 505 3027 et
524 2992 544 3026 s.
560 2975 586 3026 h.
603 2991 652 3028 om.
668 2976 707 3028 ed.
719 2992 763 3042 pr.
780 2976 806 3029 A
823 2977 827 3039 1
844 2991 1056 3029 armoneaceam
1075 2977 1117 3029 od.
1130 2994 1177 3045 pr.

156 3044 351 3098 armoriaciam
364 3047 391 3098 A
406 3044 591 3098 armoraciam
605 3045 632 3098 L
648 3049 652 3113 1
668 3062 796 3099 cum-om.
812 3047 839 3099 L
855 3051 859 3115 1
877 3051 910 3099 10
924 3046 992 3098 trita
1006 3047 1045 3100 ed.
1059 3064 1104 3114 pr.
1121 3051 1148 3101 A
1169 3051 1177 3088 'i

157 3122 187 3169 11
209 3115 332 3169 remedio
346 3117 386 3169 ed.
398 3134 441 3184 pr.
457 3118 554 3184 Ι111112
575 3116 763 3170 circumlinias
778 3118 817 3170 ed.
829 3134 874 3185 pr.
890 3119 917 3171 A
934 3122 938 3187 1
955 3132 1022 3171 am.
1038 3118 1177 3186 apibusve

156 3189 365 3255 1111111113
384 3188 492 3240 inustat
511 3190 538 3241 A

229 3264 262 3310 14
281 3260 377 3311 lemma
396 3260 427 3311 ia
445 3259 471 3310 L
485 3261 494 3326 11
510 3264 542 3310 15
562 3275 596 3310 ss.
617 3274 685 3311 corr.
701 3276 734 3311 aa
752 3258 778 3310 L
797 3258 983 3327 (detrahendo
1002 3265 1029 3312 et
1046 3259 1179 3315 include-

156 3330 265 3397 tur).—
230 3329 426 3382 —transitum
438 3328 508 3381 cibis
518 3328 677 3396 praecludit
688 3330 742 3384 011.
754 3330 963 3398 plurimumque
973 3330 1095 3385 hirudo
1087 3350 1105 3384 1
1118 3349 1142 3386 e.
1154 3351 1176 3387 s.

157 3415 219 3450 cum
233 3399 301 3451 foris
320 3400 401 3467 (pura
416 3401 452 3465 Α)
472 3399 550 3452 iuxta
568 3399 664 3452 fauces
678 3400 817 3467 (faucibus
832 3404 870 3469 A)
889 3403 987 3456 haeret
1005 3404 1177 3472 sangninem

157 3469 268 3589 tregit,
284 3485 345 3592 edin
372 3485 388 3522 a
399 3470 538 3592 jumento
562 3469 658 3538 (etiam
684 3471 857 3525 incremento
876 3475 914 3542 A)
938 3473 1036 3543 digitis
1062 3478 1178 3543 oportet

180 3555 193 3588 ¹1
216 3540 302 3591 errie
340 3557 384 3608 pr
