2509 3892
602 161 738 216 VEGETI

354 396 549 462 CXXXIV.
573 396 622 461 De
646 397 776 461 diversis
793 397 981 479 poliendos.
1082 418 1085 427 ·

50 519 197 616 ffl'sffggffi
243 527 405 587 Vulsorum
441 528 490 587 vel
525 528 718 586 tussientium
758 527 936 585 animalium
971 530 1006 584 ut
1042 525 1164 584 diversae

199 636 319 690 causae,
349 620 394 675 ita
423 619 494 676 sunt
520 615 656 675 difficiles
684 634 781 675 curae.
822 615 1011 691 Quapropter
1037 614 1164 686 studiose,

159 725 236 782 quae
266 708 474 781 experimentis
507 707 616 765 nostris
648 705 697 764 vel
724 705 853 765 aliorum
881 704 1008 781 probata
1037 702 1164 781 cognovi·

157 814 237 869 mus,
268 796 451 854 intimamus.
501 794 550 853 Ad
582 812 675 853 unum
710 795 813 869 itaque
846 794 958 852 animal
989 792 1061 852 telis
1092 793 1197 868 potios

157 886 368 961 praeparatur:
391 884 478 943 fabae
496 884 591 943 fresae
610 883 714 942 sextI
731 884 795 943 sine
818 876 880 942 sale
904 901 970 941 cum
990 900 1069 957 aqua
1092 881 1166 939 deco·

159 992 240 1049 quoe,
255 974 505 1049 quemadmodum
518 973 687 1032 homiuibus
698 974 852 1031 consuevit
866 971 985 1048 apponi.
1018 970 1167 1030 Praeterea

157 1064 240 1123 faeni
259 1061 366 1122 Graeci
384 1065 456 1122 sext.
476 1062 491 1119 Ι
514 1064 676 1138 separatim
694 1062 790 1120 mittis
813 1061 846 1118 in
865 1059 1034 1135 caccabum,
1057 1064 1088 1119 et
1109 1077 1167 1118 oum

158 1153 273 1212 fervere
292 1151 431 1227 eoeperit,
448 1153 577 1227 primam
596 1169 706 1226 aquam
724 1149 864 1223 effundes,
887 1154 956 1226 post
976 1149 1063 1208 addis
1082 1167 1168 1224 aquae

125 1240 287 1315 2555511,
311 1243 423 1300 caricas
441 1241 505 1313 XX,
528 1240 733 1318 glycyrrhizae
756 1259 823 1298 nnc.
842 1238 886 1312 113
909 1241 1032 1297 tantum
1055 1239 1199 1311 ferveatis

158 1330 252 1388 donec
269 1329 314 1387 IV
337 1330 461 1390 sextarii
478 1333 665 1402 remaneant,
689 1332 760 1387 tunc
783 1329 884 1387 fabam
902 1328 994 1386 istam
1013 1331 1129 1387 coctam
1145 1330 1172 1384 et

157 1419 278 1478 faenum
301 1417 447 1478 Graecum
470 1437 537 1477 cum
560 1418 665 1477 caricis
688 1418 737 1476 vel
760 1417 948 1495 glycyrrhiza
976 1418 1009 1475 iu
1033 1418 1173 1476 mortario

158 1509 385 1586 diligentissime
409 1509 536 1579 detersa,
565 1507 655 1566 addes
678 1508 801 1582 insuper
822 1506 925 1581 butyri
948 1525 1015 1565 uno.
1035 1506 1092 1581 HI,
1115 1507 1173 1564 seri

157 1598 267 1657 hircini
284 1618 349 1657 uno.
369 1596 409 1672 H,
433 1598 471 1656 ad
489 1597 618 1656 calorem
637 1596 796 1674 diligenter
818 1596 956 1655 resolves.
1004 1595 1088 1666 Quae
1111 1615 1173 1655 cum

158 1689 258 1745 omnia
287 1688 454 1760 miscueris,
487 1686 588 1744 addito
621 1686 698 1759 iure,
731 1687 763 1743 in
791 1704 849 1760 quo
879 1685 1002 1744 faenum
1031 1684 1172 1744 Graecum
1183 1701 1201 1740 15

157 1776 316 1848 decoreris,
339 1777 489 1850 tepefacta
507 1793 561 1850 per
583 1793 676 1833 cornu
693 1776 760 1851 plus
780 1793 871 1849 quam
890 1774 1025 1852 singulas
1045 1775 1171 1833 heminas

158 1863 261 1925 diebus
285 1865 410 1942 singulis
429 1864 564 1924 faucibus
584 1864 704 1941 digeris.
743 1863 855 1933 Quodsi
874 1863 1049 1939 spissiorem
1067 1863 1170 1923 videris

157 1953 323 2028 potionem,
346 1955 466 2012 tantum
487 1954 570 2029 passi
593 1952 696 2027 addeS,
722 1955 756 2010 ut
777 1955 874 2028 possit
896 1972 949 2028 per
972 1970 1067 2011 cornu
1089 1953 1170 2011 exire.

124 2042 359 2103 3Barbar0ru1n
382 2062 452 2102 usus
471 2044 586 2102 invenit
605 2043 735 2102 salutare
754 2042 933 2100 remedium:
956 2041 1088 2101 radicem
1110 2041 1170 2099 her·

159 2133 227 2206 bae,
264 2134 312 2192 cui
343 2151 450 2191 nomen
482 2136 527 2191 est
563 2132 659 2206 inula,
696 2150 786 2207 quam
821 2128 1006 2206 Campanam
1040 2132 1201 2207 pleriquero

159 2221 326 2298 appellant,
354 2222 475 2298 colliges
498 2225 529 2279 et
552 2221 583 2278 in
606 2222 711 2280 umbra
734 2219 872 2294 siccabis,
901 2223 970 2295 post
993 2219 1120 2294 deteres,
1141 2220 1169 2276 in

158 2312 311 2388 pulverem
334 2311 463 2387 rediges,
493 2330 527 2369 ex
552 2329 610 2385 quo
638 2313 724 2368 terna
746 2310 862 2368 maiore
891 2309 1040 2367 coclearia
1063 2310 1095 2367 in
1116 2310 1169 2367 sin·

158 2401 238 2479 gulis
262 2402 398 2460 sextariis
428 2401 492 2459 vini
514 2398 622 2458 veteris
651 2398 746 2474 pridie
776 2397 928 2474 infundes,
954 2401 984 2456 et
1013 2398 1169 2456 cumbere

231 2595 246 2640 5
265 2587 322 2641 Ρ51.
338 2605 360 2641 5.
377 2592 429 2642 450
448 2586 483 2641 cf.
499 2587 567 2656 Veg.
582 2586 659 2652 1119,
675 2592 699 2639 5.
720 2553 722 2557 v

232 2770 245 2816 1
266 2764 393 2819 diversae
411 2769 469 2834 pot.
484 2767 524 2820 ed.
539 2782 579 2833 pr.
600 2765 635 2818 de
655 2764 680 2816 d.
700 2763 879 2832 passionibus
898 2765 978 2832 ΑΡ1
997 2769 1014 2816 2
1033 2763 1170 2816 vulsorum

158 2834 203 2889 vel
226 2836 407 2889 tussientium
431 2837 514 2889 anim.
539 2837 619 2891 titulo
643 2834 773 2906 adinoplt
792 2834 827 2900 L,
845 2836 886 2889 ed.
902 2851 946 2903 pr.
966 2837 1000 2903 (v.
1021 2836 1051 2888 et
1074 2838 1105 2902 t.)
1123 2850 1168 2889 eor.

158 2908 239 2975 (1113
259 2907 382 2975 qua-liter
395 2910 429 2961 st.
445 2907 472 2960 L
484 2910 524 2976 114
543 2906 717 2977 agnovimus,
736 2906 919 2960 terminemus
934 2908 962 2960 P
972 2907 981 2974 11
996 2911 1012 2958 5
1031 2905 1070 2959 51
1088 2922 1170 2960 nuum

159 2978 262 3046 quodq.
278 2994 302 3030 5.
319 2979 346 3031 P
364 2982 373 3048 11
394 2984 410 3032 6
429 2978 518 3032 frixae
536 2979 576 3033 ed.
587 2995 632 3047 pr.
648 2979 675 3031 A
693 2977 801 3031 fractae
815 2978 874 3031 LP
897 2979 901 3044 1
925 2979 992 3030 sext.
1009 2978 1094 3030 semis
1112 2993 1170 3031 curn

159 3065 184 3103 a.
199 3049 226 3102 A
243 3052 247 3117 1
264 3065 327 3101 cum
346 3065 370 3102 5.
385 3067 436 3105 om.
452 3049 500 3118 Lu
515 3055 531 3104 9
549 3048 650 3103 fundes
669 3049 709 3103 ed.
721 3066 766 3117 pr.
782 3051 809 3103 A
827 3048 932 3102 abicies
951 3050 979 3103 P
996 3050 1006 3115 11
1028 3053 1062 3102 10
1081 3048 1118 3101 V:
1136 3045 1170 3101 IV

159 3121 216 3176 Pel.
233 3123 238 3189 1
254 3119 370 3189 lyciriec
385 3121 411 3174 L
430 3120 541 3191 gliceris
556 3121 586 3174 in
601 3120 647 3173 die
661 3121 689 3174 A
705 3123 709 3189 1
725 3120 798 3190 glyc.
809 3122 965 3173 -tantum
978 3136 1029 3174 om.
1045 3122 1075 3175 P
1086 3120 1134 3189 qui
1145 3120 1170 3172 et

158 3192 205 3246 fac
224 3191 330 3247 fervere
361 3194 370 3261 11
403 3198 436 3246 12
457 3210 519 3246 cum
542 3192 634 3246 carice
656 3190 700 3245 vel
719 3190 871 3262 glycerizia
889 3191 916 3245 L
935 3194 964 3245 et
987 3189 1170 3262 1755111911

160 3269 193 3317 13
213 3263 364 3334 diligenter
387 3265 427 3318 ed.
445 3282 487 3332 pr.
503 3265 531 3317 P
548 3263 706 3317 diutissime
726 3265 764 3318 M
785 3262 810 3315 d.
829 3262 951 3330 resolve,
969 3264 1030 3317 tere
1049 3265 1079 3317 et
1101 3260 1169 3316 5115

157 3334 218 3387 but.
234 3336 262 3389 P
278 3335 304 3387 d.
319 3334 451 3401 resoluta,
471 3335 551 3388 addis
566 3336 594 3389 A
618 3337 622 3402 1
648 3334 707 3388 but.
728 3352 747 3387 s.
763 3333 790 3387 h.
810 3350 866 3388 ana
884 3334 987 3388 uncll
1007 3333 1169 3404 5155111

160 3411 193 3458 16
213 3405 311 3474 tepida
334 3406 428 3459 omnia
447 3406 475 3458 P
501 3409 510 3473 11
543 3410 574 3459 17
595 3404 714 3473 singulis
736 3405 817 3459 debis
837 3405 897 3459 LP
928 3408 932 3474 1
966 3406 1069 3475 quodsi
1091 3420 1169 3474 usque

158 3477 198 3529 ad
215 3478 296 3543 finem
310 3493 369 3544 cap.
384 3493 435 3532 om.
450 3476 478 3528 P
489 3477 498 3544 11
514 3482 545 3528 19
565 3492 632 3528 usus
651 3475 783 3531 adversus
797 3476 899 3530 tussim
916 3478 955 3532 ed.
968 3494 1013 3547 pr.
1028 3478 1125 3548 111121
1144 3477 1170 3529 ct

159 3561 210 3598 ore.
226 3546 266 3599 ed.
279 3563 322 3614 pr.
338 3549 365 3601 A
381 3549 385 3616 1
402 3548 501 3616 postea
519 3546 558 3600 ed.
570 3563 614 3615 pr.
631 3548 658 3600 A
672 3549 681 3616 11
696 3551 729 3600 21
748 3547 778 3601 in
797 3546 920 3619 singulos
940 3550 1008 3602 sext.
1027 3549 1068 3603 ed.
1080 3567 1124 3619 pr.
