2509 3892
194 175 257 239 176
629 173 765 229 vacari

191 343 303 416 fecerit,
317 343 467 421 malagma
485 344 758 419 tetrapharmacum
770 344 916 420 imponito
930 364 984 421 per
997 345 1136 403 triduum.
1167 344 1195 403 Si

193 435 223 490 et
240 432 307 507 ipsa
324 431 498 506 tardaverit,
517 434 663 508 imponito
677 432 867 510 malagmam,
887 452 963 509 quae
977 433 1087 493 dicitur
1099 434 1193 493 melia·
1242 489 1243 500 ,

192 520 285 596 cinus,
307 538 401 597 usque
424 521 494 579 dum
517 522 613 580 sanat.
1242 575 1243 636 i

220 728 360 793 LXXX
366 729 420 794 VI.
443 728 493 795 De
514 730 680 813 melico
702 730 724 794 i.
743 728 798 812 qui
819 750 928 795 cosam
950 731 1049 795 subito
1072 731 1171 796 trabit.
1242 765 1243 768 π

84 851 230 947 ξξξξξζῃω·
276 857 476 935 Syrmaticum
510 860 678 918 iumentum
710 859 756 919 his
793 860 959 919 ostenditur
992 861 1099 937 signis:
1135 879 1224 937 pro-i

228 948 310 1007 diens
338 948 375 1006 de
401 948 494 1024 equili
514 948 563 1008 vel
592 948 628 1006 de
658 948 735 1022 loco,
758 947 811 1007 ubi
832 949 962 1024 steterit,
985 968 1089 1009 coxam
1110 949 1194 1008 trahit

191 1041 222 1096 et
244 1040 445 1097 transversam
466 1038 609 1115 ungulam
632 1036 742 1096 inflexa
769 1056 879 1097 corona
900 1041 998 1098 terrae
1020 1041 1194 1115 superponit,

190 1127 269 1185 unde
292 1129 323 1184 et
345 1128 538 1202 syrmaticum
565 1146 583 1184 a
606 1126 817 1203 tragoedorum
843 1127 944 1202 palliis
975 1128 1098 1203 dicitur,
1127 1146 1194 1203 quae

189 1216 358 1274 trahuntur.
405 1213 463 1274 Sed
486 1217 622 1291 quamvis
647 1216 778 1275 alienata
804 1216 911 1275 horum
937 1217 1109 1277 velemota
1131 1234 1193 1276 coxa

191 1304 340 1378 videatur,
370 1304 396 1364 si
419 1323 508 1380 super
529 1307 628 1381 ipsum
650 1304 757 1380 pedem
784 1304 889 1366 cessim
910 1306 1108 1382 repellantur,
1134 1324 1223 1367 cono

190 1395 275 1452 tinuo
306 1393 511 1453 emendabitur
539 1411 669 1471 gressus,
704 1398 734 1453 et
764 1395 827 1453 sine
859 1395 1076 1454 claudicatione
1105 1397 1192 1454 rectus

157 1482 314 1542 iincedet.
360 1483 406 1542 Ex
427 1483 484 1543 hae
507 1486 607 1542 autem
634 1483 751 1541 ratione
774 1486 935 1561 contingit:
965 1486 992 1542 si
1013 1485 1046 1542 in
1069 1484 1193 1542 commis·

191 1589 291 1630 suram
314 1571 456 1631 vertibuli
473 1591 509 1630 ex
527 1573 716 1647 conuptione
734 1574 865 1648 corporis
888 1573 936 1632 vel
959 1590 995 1631 ex
1011 1574 1195 1648 perfrictione
1242 1613 1243 1618 η

191 1663 279 1718 natus
301 1662 410 1719 humor
426 1661 593 1736 intraverit,
615 1663 687 1720 tunc
705 1680 736 1720 se
755 1661 896 1720 defimdet
915 1662 953 1721 ad
970 1679 1077 1721 nervos
1100 1665 1130 1721 et
1151 1678 1195 1721 eos
1242 1683 1243 1696 ¹

159 1748 290 1808 credda
311 1749 477 1810 immobiles
500 1752 531 1809 et
552 1750 637 1810 velut
659 1750 812 1809 alienatos.
854 1750 912 1819 Qui
934 1750 990 1809 hac
1012 1752 1128 1809 ratione
1149 1769 1195 1809 cu·
1207 1733 1243 1818 ol

190 1840 304 1896 rantur.
346 1836 473 1915 Sanguis
492 1838 583 1898 desub
606 1838 716 1917 gamba
734 1838 902 1898 detrahitur
919 1842 1066 1915 copiosus,
1087 1843 1120 1899 in
1141 1858 1194 1915 quo
1242 1825 1243 1848 ¹

192 1926 334 1986 admisces
358 1927 462 2001 salem,
492 1928 631 2002 adaroen,
662 1929 771 2002 sulfur,
800 1947 941 1987 mannam
967 1930 1058 2002 tuiis,
1088 1928 1195 1999 aem,
1242 2005 1243 2016 ἵ

263 2077 485 2134 sorresco.
577 2085 610 2133 12
629 2077 703 2134 oin.
718 2096 741 2133 ο.
756 2085 816 2133 491.
914 2085 946 2133 1c
965 2078 1193 2135 cinaeis.

191 2149 357 2221 aegaei,
373 2155 396 2204 1.
1242 2181 1243 2186 ,

263 2282 277 2330 1
292 2274 512 2345 tetrapharmaci
521 2275 561 2329 ed.
568 2292 613 2344 pr.
624 2275 781 2345 malagmas
792 2275 1020 2344 tetrapharmaco
1032 2275 1161 2345 imposito
1171 2275 1195 2329 A

190 2348 376 2419 malagma-
386 2346 524 2416 imponito
534 2362 584 2401 oms.
595 2347 622 2400 L
638 2351 642 2414 Ι
659 2347 709 2400 sed
718 2347 742 2400 si
751 2346 769 2399 i.
780 2349 800 2401 t.
811 2348 839 2401 A
848 2349 877 2400 et
890 2346 960 2400 haee
970 2348 989 2400 t.
998 2349 1027 2401 P
1038 2350 1048 2417 ΙΙ
1062 2354 1078 2401 a
1094 2363 1129 2416 ap
1164 2362 1195 2401 ne

191 2422 237 2488 ΡΙ
253 2419 395 2503 malagma
409 2420 436 2473 L
449 2434 493 2472 -as
508 2433 580 2486 quae
602 2417 734 2471 dicuntur
747 2418 775 2472 A
791 2422 795 2485 Ι
811 2418 1041 2488 meliaeinuslque
1052 2420 1078 2473 L
1123 2418 1194 2471 '‘eoe

191 2493 219 2546 P
230 2491 376 2545 melianus
391 2490 419 2544 A
431 2491 441 2560 ss
455 2494 471 2543 3
491 2491 572 2542 sanat
582 2490 608 2543 L
623 2491 704 2542 sanet
718 2490 746 2543 A
759 2504 841 2543 sanes
857 2491 885 2543 P
897 2491 1012 2543 sanetur
1025 2490 1067 2544 ed.
1074 2508 1118 2559 pr.

263 2568 279 2616 5
298 2561 460 2632 agnoscitur
472 2561 513 2614 ed.
526 2578 569 2629 pr.
584 2561 644 2614 AP
655 2561 665 2629 ss
679 2566 695 2613 6
713 2560 844 2628 prodiens
860 2561 895 2614 de
909 2558 1020 2615 stabulo
1039 2577 1138 2615 coxam
1150 2561 1193 2629 ΡΙ

192 2650 274 2687 coxas
288 2634 316 2688 A
339 2636 348 2701 ΙΙ
372 2638 385 2684 7
401 2634 589 2685 transversum
602 2630 723 2701 ungulas
738 2632 766 2685 A
790 2636 793 2699 Ι
818 2631 927 2686 inflexis
941 2632 1051 2685 coronis
1064 2634 1106 2688 ed.
1117 2651 1158 2703 pr.
1172 2633 1195 2686 A

191 2703 322 2758 inflexam
340 2718 441 2757 corona
459 2702 486 2755 L
516 2706 519 2770 Ι
553 2701 751 2771 superponitur
767 2702 842 2756 unde
861 2721 881 2757 s.
897 2706 925 2757 P
941 2707 1113 2772 superponet
1128 2702 1194 2757 unde

192 2777 221 2829 et
239 2793 260 2829 e.
275 2776 301 2829 L
319 2776 428 2828 tractae
448 2776 617 2843 superponet
635 2773 710 2827 unde
733 2776 762 2827 et
780 2791 800 2827 s.
816 2775 844 2828 A
862 2774 1093 2843 superimponens
1112 2777 1194 2831 osten-

192 2846 235 2899 dit
253 2848 282 2899 et
300 2864 321 2899 s.
336 2846 376 2900 ed.
386 2862 431 2915 pr.
463 2847 473 2913 l
504 2850 520 2899 8
540 2845 706 2915 syrmatious
725 2845 753 2899 A
791 2849 794 2911 Ι
833 2847 862 2899 et
880 2845 1048 2916 ragedorum
1066 2847 1156 2916 paleis
1172 2846 1194 2901 A

192 2918 286 2986 edpr.
303 2915 523 2985 at1.palleisL
542 2918 606 2970 atr.
622 2915 711 2985 peleie
725 2918 803 2985 Pl9
822 2932 895 2984 qnae
911 2919 946 2971 tr.
962 2916 1066 2970 dicitur
1084 2920 1125 2973 ed.
1136 2917 1192 2988 pal

190 2988 286 3042 sed—
297 2994 329 3042 1c
349 2989 482 3042 curantur
499 3004 549 3043 om.
564 2989 592 3042 P
619 2989 623 3057 l
654 2986 747 3041 aliena
765 3003 861 3041 eorum
878 2987 924 3043 vel
940 2991 1020 3042 muta
1038 2989 1065 3042 L
1094 2992 1104 3059 ΙΙ
1127 2995 1159 3044 10
1175 2986 1193 3041 si

192 3075 275 3129 super
292 3059 473 3129 temptaveris
490 3060 576 3128 pedes
596 3058 680 3112 cessis
703 3058 857 3127 repellatur
874 3061 902 3114 A
920 3059 945 3113 si
963 3076 1047 3128 super
1064 3063 1193 3131 tempera
1242 3067 1243 3126 ᾗ

191 3131 263 3186 veris
285 3131 372 3200 pedes
396 3130 479 3184 cessis
503 3129 708 3199 compellantur
729 3146 824 3202 margo
847 3130 871 3183 si
894 3146 978 3199 super
1001 3130 1096 3199 ipsum
1119 3131 1192 3186 cesis

192 3203 231 3257 ed.
242 3220 287 3272 pr.
302 3205 311 3271 ΙΙ
330 3208 361 3256 11
382 3218 479 3273 gressu
497 3201 524 3254 L
548 3203 552 3271 l
577 3204 669 3256 rectus
688 3218 738 3256 orn.
754 3201 780 3254 L
798 3203 877 3256 babet
894 3203 976 3257 ettam
995 3203 1068 3258 cta.
1090 3206 1100 3273 ΙΙ
1124 3209 1154 3257 li
1170 3203 1192 3255 et
1242 3217 1243 3276 l

192 3273 245 3327 hae
263 3275 303 3329 ed.
314 3291 359 3342 pr.
376 3277 380 3340 Ι
396 3274 426 3326 in
440 3289 490 3326 ons.
505 3273 545 3326 ed.
555 3290 602 3341 pr,
616 3274 645 3327 A
664 3274 674 3342 ΙΙ
693 3278 725 3326 la
745 3289 779 3327 ex
796 3274 845 3327 alt.
859 3289 910 3327 cm.
925 3273 965 3327 ed.
976 3290 1022 3341 pr.
1038 3275 1066 3328 A
1088 3277 1098 3343 ΙΙ
1123 3280 1153 3328 14
1169 3287 1191 3326 se
1242 3293 1243 3354 p

191 3361 242 3399 om.
257 3345 284 3398 L
309 3348 312 3412 Ι
338 3342 490 3398 descendat
507 3343 545 3396 ad
562 3361 589 3397 n.
604 3343 633 3397 A
646 3342 782 3397 defundet
800 3344 931 3399 adversus
950 3346 979 3398 et
997 3343 1024 3396 L
1046 3347 1056 3415 l
1078 3351 1113 3399 lb
1131 3358 1190 3414 quae
1242 3363 1243 3416 ,

192 3416 232 3469 ed.
244 3432 287 3483 pr.
302 3415 311 3484 Η
331 3420 363 3468 16
383 3432 404 3468 s.
419 3414 445 3466 ei
462 3415 502 3468 ed.
552 3455 557 3465 .
573 3415 601 3468 A
617 3415 627 3483 t
647 3419 679 3466 17
699 3416 793 3468 atarce
811 3414 838 3467 L
853 3415 979 3468 addiciat
994 3416 1022 3469 A
1040 3433 1091 3471 om.
1107 3416 1146 3470 ed.
1154 3430 1189 3485 pr.

192 3487 220 3539 P
235 3486 238 3556 Ι
255 3485 317 3539 suli.
332 3485 454 3539 marinas
469 3500 518 3537 eoo
530 3498 577 3537 eas
591 3484 656 3538 add,
666 3485 706 3539 ed.
715 3502 760 3553 pr.
771 3487 807 3553 A,
821 3502 871 3541 om.
887 3485 947 3541 LP
960 3486 1032 3541 Obir.
1050 3489 1055 3557 Ι
1070 3502 1190 3542 mannan

193 3571 242 3609 om.
257 3557 318 3610 AP
331 3558 335 3624 Ι
351 3555 450 3609 fleoam
462 3557 491 3609 P
