2509 3892
423 179 562 236 MVLOM.
581 180 608 234 Π
626 186 669 249 81,
684 186 718 234 82
1015 181 1080 247 173

3 390 4 423 ;
64 352 189 428 planam
211 351 357 428 ungulam
378 350 474 426 possit
490 368 607 428 ponere.
655 348 845 426 Synchrisma
863 352 955 411 ctiam
972 352 1113 428 perun-3

65 458 137 518 gnos
162 441 197 498 in
226 440 301 514 sole,
331 441 361 498 et
389 458 448 500 non
477 438 575 498 minus
606 458 697 516 quam
726 459 817 499 unam
845 441 950 500 horam
976 443 1080 500 contra

65 529 162 605 pilum
185 528 411 607 diligentissime
441 527 625 589 confricabis.
679 527 713 587 Si
742 528 886 588 eiusmodi
918 548 990 588 cura
1019 532 1080 590 tar·

66 617 197 693 daverit,
227 618 331 677 contra
353 635 442 677 coxae
472 617 696 677 commissuram
725 620 855 694 quatuor
884 618 1080 680 foraminibus

40 709 164 768 sontem
185 706 359 782 pertimditc
377 709 407 765 01
424 724 538 783 pannos
556 707 605 766 vel
622 707 778 767 lemnisoos
802 726 837 766 ex
860 710 943 767 aceto
962 710 993 767 et
1015 709 1080 768 oleo

65 796 119 855 snb
144 798 214 856 cute
232 815 286 872 per
303 796 450 856 foramina
468 797 562 854 traice
580 796 792 872 pertriduum,
815 798 884 872 post
901 796 1079 856 traumatico

65 885 194 944 illinitos
223 865 338 961 panno⁸s
366 883 469 943 diebus
490 884 535 942 IX
563 902 616 961 per
645 884 748 944 eadem
776 886 923 945 foramina
951 885 1079 946 11010100,

65 972 221 1034 Interdum
244 973 370 1049 curabis,
391 976 426 1032 nt
449 974 547 1032 calida
568 973 751 1034 verbenacea
773 976 867 1034 utaris
890 977 921 1034 et
943 976 986 1034 sic
1008 974 1080 1033 lem·

65 1064 163 1122 niscos
193 1062 329 1122 subicias.
374 1061 537 1122 Undecimo
567 1082 686 1139 quoque
715 1063 763 1123 die
791 1064 947 1123 lemnisoos
975 1063 1114 1124 educes4

31 1154 97 1214 noct
119 1151 249 1211 incretos
280 1153 391 1227 locum,
420 1154 455 1209 ut
481 1151 559 1210 cutis
586 1151 625 1211 ad
654 1153 762 1230 pulpas
791 1153 960 1214 adhaereat.
1005 1150 1081 1211 Cum

67 1242 219 1301 0100111000
243 1260 274 1301 se
297 1241 470 1314 clauserint,
499 1240 663 1300 oamtionm
688 1243 831 1317 impones.
876 1242 942 1301 Hac
964 1242 1080 1301 ratione

67 1332 167 1390 emota
188 1331 237 1390 vel
266 1329 360 1390 eiecta
389 1348 462 1389 coxa
490 1329 653 1390 sanabitur.
694 1330 754 1390 Sed
781 1331 808 1389 si
836 1349 939 1390 coxam
962 1330 1081 1390 eiecerit

68 1419 115 1478 vel
143 1420 299 1493 emoverit,
330 1419 449 1494 quod'a
472 1419 675 1478 mulomediois
705 1420 814 1479 dicitu
841 1419 926 1479 filum
951 1420 1081 1493 laesisse,

69 1509 178 1568 certior
203 1507 378 1584 faciliorque
408 1509 522 1567 curatio
544 1510 589 1567 rei
615 1509 738 1567 inventa
765 1508 874 1567 dicitnr
896 1528 915 1567 a
937 1508 1080 1569 barbaris.

34 1596 146 1659 ullam
177 1596 316 1655 claudum
345 1596 458 1656 animal
486 1598 519 1655 in
548 1597 609 1655 sole
632 1598 831 1672 constituunt,
860 1599 930 1657 rino
959 1599 989 1656 et
1016 1599 1115 1658 ole05

68 1687 214 1745 calefacto
237 1685 374 1746 colefium
396 1686 509 1761 ipsum,
537 1685 593 1745 hoc
621 1688 667 1745 est
692 1686 861 1746 iuncturam
884 1705 987 1762 coxae,
1016 1687 1081 1745 din·

67 1776 183 1835 tissime
206 1774 383 1850 confricant,
413 1774 506 1834 donec
535 1774 629 1834 sudet.
675 1776 759 1836 Tunc
788 1776 823 1834 de
853 1776 917 1836 loro
947 1776 1081 1854 longiore

67 1864 115 1924 vel
133 1862 268 1923 fumoqu
287 1881 389 1943 grosso
407 1881 532 1940 pravam
555 1882 659 1922 coxam
680 1865 816 1943 alligant.
861 1864 947 1925 Unus
970 1866 1082 1924 animal

69 1952 199 2029 capistro
227 1952 335 2027 trahit,
364 1957 399 2012 ut
422 1954 530 2011 sensim
553 1956 665 2027 currat,
691 1954 768 2013 alius
790 1956 888 2013 lorum
910 1954 1082 2015 velfonem

34 2044 172 2102 sternens
190 2042 292 2101 laxum
312 2042 447 2118 seqnitur
469 2043 500 2100 01
520 2041 628 2116 subito,
654 2042 726 2100 dum
745 2044 856 2103 animal
878 2045 978 2118 currit,
1001 2048 1082 2103 recta

69 2131 107 2190 ad
133 2150 166 2191 se
196 2148 300 2190 coxam
333 2131 428 2207 ipsius
450 2129 565 2206 impetu
595 2131 729 2191 retrahit
772 2131 804 2191 Si
833 2134 977 2209 sonuerit,
1007 2133 1082 2192 scias

140 2290 155 2337 1
177 2281 250 2337 Chir.
267 2298 289 2337 c.
304 2288 347 2337 44.
421 2288 453 2337 12
472 2282 507 2337 cf.
523 2280 595 2336 Ghir.
611 2299 634 2337 0.
650 2287 710 2337 688.

141 2431 155 2480 1
177 2423 324 2479 sincrisma
342 2425 369 2478 L
387 2424 418 2478 in
437 2424 539 2479 crisma
557 2425 597 2481 ed.
608 2443 652 2494 pr.
668 2427 696 2479 A
726 2428 736 2495 ΙΙ
768 2431 784 2479 2
804 2428 832 2479 01
850 2442 901 2480 om.
916 2427 955 2481 ed.
967 2443 1011 2495 pr.
1027 2426 1055 2480 Α
1076 2426 1080 2497 l

70 2513 155 2568 qnam
173 2496 243 2550 hora
257 2496 297 2550 ed.
307 2513 352 2566 pr.
368 2497 396 2550 A
409 2499 418 2565 ΙΙ
433 2501 448 2549 3
467 2495 558 2565 pilum
567 2528 600 2536 -
611 2511 698 2550 coxae
710 2514 761 2551 om.
776 2497 816 2551 ed.
828 2515 872 2565 pr.
886 2498 914 2552 A
927 2498 937 2566 ll
950 2503 968 2550 4
986 2499 1083 2551 eontra

69 2568 207 2623 incisuras
225 2568 265 2622 cd.
276 2585 321 2637 pr.
336 2569 365 2622 A
386 2570 396 2638 ΙΙ
423 2573 439 2621 1
458 2570 571 2621 cantero
588 2568 727 2637 pertunde
745 2569 785 2623 cd.
796 2585 841 2636 pr.
856 2570 884 2622 A
903 2571 995 2623 cutem
1013 2586 1040 2637 p.
1056 2569 1083 2622 L

71 2640 143 2695 oser.
161 2642 166 2707 1
182 2638 297 2693 linisoos
310 2639 338 2692 A
354 2642 358 2708 Ι
375 2640 404 2693 01
422 2638 483 2693 0100
498 2655 548 2694 om.
563 2640 603 2693 ed.
614 2656 660 2709 pr.
675 2641 703 2693 A
715 2642 725 2709 ΙΙ
740 2645 755 2692 ‘l
769 2638 882 2693 inlinito
897 2642 925 2694 A
938 2639 1020 2694 inlito
1036 2643 1064 2696 P
1074 2640 1084 2712 ll

71 2716 86 2765 s
100 2709 245 2765 interdum
258 2726 315 2764 cnr.
329 2710 373 2781 nt]
388 2710 433 2765 vel
446 2711 486 2765 ed.
493 2726 538 2778 pr.
548 2713 581 2764 ut
593 2712 621 2765 A
638 2714 642 2780 Ι
658 2710 893 2765 verbinaciatares
903 2713 930 2766 L
942 2714 952 2780 ΙΙ
967 2717 982 2765 9
995 2712 1084 2766 unde-

70 2782 125 2836 cim
144 2795 258 2850 quoque
275 2781 294 2836 1.
309 2782 349 2837 sd.
362 2799 405 2851 pr.
420 2783 448 2836 A
477 2790 481 2850 Ι
510 2781 621 2836 inducis
640 2783 681 2836 ed.
691 2800 736 2852 pr.
751 2784 780 2837 A
806 2785 816 2851 ΙΙ
844 2787 877 2837 10
895 2782 1011 2838 inanitas
1030 2785 1081 2854 Ll

70 2853 219 2908 1111001001
235 2854 264 2907 A
290 2855 300 2921 1
327 2857 360 2906 11
379 2852 528 2922 imponunt
545 2854 585 2907 ed.
597 2870 642 2923 pr.
657 2854 685 2908 A
711 2856 721 2924 1
749 2860 781 2907 12
799 2853 878 2908 laesa
896 2871 918 2909 c.
938 2855 1085 2909 sanabitur

69 2925 114 2980 vel
132 2924 158 2978 si
177 2940 248 2978 coxa
266 2940 296 2979 se
308 2923 423 2978 laeserit
440 2923 485 2977 vel
502 2940 520 2977 a
537 2925 604 2978 mul.
620 2924 724 2979 dieitur
737 2925 811 2979 filins
830 2925 903 2995 (filus
917 2927 955 2997 A)
969 2926 1084 2981 laesisse

70 2997 110 3052 cd.
120 3013 166 3066 pr.
182 2996 211 3049 A
223 2996 233 3064 ΙΙ
249 3000 281 3049 14
300 2994 402 3050 certior
419 2998 449 3049 01
461 2995 480 3048 f.
494 2996 534 3050 ed.
545 3012 592 3064 pr.
606 2998 634 3050 A
650 2999 654 3065 Ι
670 2996 711 3050 rei
729 3013 780 3051 orn.
795 2998 834 3051 ed.
847 3014 891 3066 pr.
906 3000 934 3052 A
949 3002 953 3067 Ι
970 2998 1086 3053 docetur

72 3069 100 3122 01
117 3066 240 3137 probata
258 3067 299 3121 cd.
309 3084 354 3135 pr.
374 3066 490 3120 docetur
507 3068 537 3120 01
553 3066 681 3121 barbatis
700 3069 728 3122 A
756 3071 765 3138 ll
789 3072 822 3122 11
840 3085 906 3122 nem
925 3069 1031 3123 dudum
1049 3069 1083 3123 cl.

72 3139 142 3193 ain
161 3156 182 3193 s.
197 3140 308 3206 ponunt
326 3138 366 3192 ed.
379 3155 422 3207 pr.
437 3139 465 3191 A
478 3139 487 3207 ll
503 3143 535 3193 16
555 3138 693 3193 calefacto
707 3138 879 3194 calefaciunt
896 3139 1033 3208 (oalifinnt
1046 3143 1083 3209 A)

72 3209 173 3280 ipsum,
192 3209 246 3264 hoc
264 3211 307 3263 est
324 3208 468 3263 iuncturas
486 3210 526 3264 ed.
536 3226 582 3279 pr.
596 3212 625 3265 A
652 3213 662 3281 ΙΙ
685 3215 717 3265 17
736 3211 838 3265 sudent
856 3212 896 3266 ed.
907 3228 952 3280 pr.
968 3213 996 3265 A
1020 3215 1024 3280 Ι
1049 3211 1085 3265 de

73 3280 220 3335 loro-18
239 3297 311 3336 unns
329 3278 532 3350 orn.ed.pr.A
561 3281 566 3353 Ι
594 3281 698 3337 locoL
720 3284 729 3353 ll
757 3286 790 3336 18
809 3298 957 3352 pravasam
975 3282 1059 3336 all.L
1075 3282 1086 3353 Η

75 3358 106 3407 19
124 3351 244 3406 trahunt
264 3351 415 3406 etsensim
433 3353 549 3406 currunt
564 3353 604 3406 ed.
619 3370 661 3421 pr.
680 3354 797 3407 trahunt
814 3356 847 3409 ut
867 3369 964 3408 sensus
985 3356 1086 3418 curant

74 3422 1085 3494 111110010110110101100.οἀ.ρν.Α(101111)1120100100100001οε

74 3494 134 3564 ipse
152 3511 216 3549 cnm
235 3494 254 3551 i.
267 3494 357 3549 trahit
374 3495 414 3549 ed.
425 3512 470 3565 pr.
490 3494 551 3564 ipse
568 3495 818 3564 impetneretrahet
830 3499 858 3551 A
875 3497 981 3549 rectam
1000 3496 1037 3549 ad
1055 3511 1085 3550 se

75 3582 98 3620 c.
114 3565 205 3636 ipsius
222 3565 377 3637 imperetur
394 3567 423 3623 01
440 3566 530 3622 trahit
548 3566 575 3622 L
