2509 3892
413 206 552 261 MVLOM.
572 208 585 261 I
604 214 672 262 5-1
1007 210 1048 273 19

38 374 123 435 calcis
142 377 280 436 animalis
304 377 427 437 alterius
444 395 600 453 percussus
623 381 677 437 aut
699 379 884 456 negligentia
901 380 1048 454 impactus

37 466 87 523 aut
108 484 178 525 saxo
205 466 255 525 vel
278 467 357 525 fuste
384 467 522 526 videatur
549 467 648 527 elisus.
694 466 753 531 Sed
779 468 852 526 haec
881 467 957 527 solet
986 484 1048 527 esse

37 552 190 631 mmm,
225 554 305 631 quod
336 555 391 614 illa
422 556 574 632 quaelibet
604 557 697 615 laesio
729 556 794 615 loco
827 554 942 633 figitur,
974 556 1048 615 haec

37 644 135 701 eutem
156 646 266 721 passio,
289 646 362 721 quia
383 646 510 703 erratica
532 648 586 720 est,
609 645 708 705 subito
732 645 770 702 ad
792 645 897 720 pedem
921 646 1048 703 alterum

22 733 151 810 cmigrat.
196 732 355 792 Praeterea
378 734 494 793 ossibus
518 735 696 812 astringitur
719 736 796 794 cutis
819 736 850 792 et
873 733 911 792 ad
933 736 1048 792 tactum

36 820 176 880 tractanti
190 822 266 881 dura
278 823 399 881 resistit.
432 823 565 900 Rigescit
579 824 665 900 spina
677 842 842 900 corpusque
853 823 1047 898 contrahitur,
1063 826 1082 882 2

36 909 111 984 pilus
121 915 236 970 erectus
247 914 277 970 et
286 911 431 987 horridus,
441 912 581 971 deformis
590 913 836 988 aspectus,macie
844 930 950 988 corpus
961 913 1047 971 affec-

36 1000 109 1057 tum:
133 1003 163 1059 et
184 1002 321 1075 quamvis
342 1020 402 1059 non
419 1003 535 1060 recuset
556 1001 700 1060 alimenta
719 1019 773 1060 nec
793 1005 876 1060 curet
896 1003 923 1060 si
941 1002 1048 1076 desint,

36 1086 66 1143 in
87 1088 150 1148 dies
167 1091 268 1149 tamen
288 1089 417 1148 deterior
434 1089 470 1148 fit
492 1092 523 1148 et
544 1089 661 1149 tristior
680 1089 897 1167 difficulterque
915 1093 1048 1150 sanatur.

22 1320 27 1357 l
268 1297 342 1362 VII.
367 1296 467 1380 Sicco
489 1298 587 1362 morbi
606 1299 814 1380 farcimiacci.

98 1427 334 1486 Farciminosum
361 1427 539 1487 vocabulum
569 1446 604 1486 ex
627 1447 734 1506 genere
760 1429 907 1504 passionis
938 1430 1045 1488 evenit.

37 1510 211 1576 Huiusmodi
238 1516 467 1593 deprehenditur
495 1520 679 1594 argumento.
724 1517 760 1575 In
787 1517 931 1577 lateribus
961 1519 992 1576 et
1013 1520 1046 1577 in

38 1605 112 1665 coxis
144 1609 174 1664 et
204 1607 236 1663 in
268 1604 404 1664 verendis
437 1624 554 1682 quoque
589 1605 726 1682 pentibus
762 1608 792 1665 et
823 1609 982 1682 praecipue
1013 1609 1045 1666 in

37 1690 175 1754 iuncturis
198 1694 399 1754 membrorum
420 1695 469 1753 vel
495 1697 528 1753 in
551 1697 615 1754 toto
644 1714 767 1771 corpore
790 1696 978 1756 collectiones
1000 1698 1045 1754 in-

22 1778 149 1858 citantur,
165 1802 343 1859 rursumque
360 1784 407 1842 his
425 1784 508 1844 velut
526 1783 637 1843 sedatis
657 1784 733 1844 aliae
751 1788 925 1844 nascuntur:
947 1785 1045 1844 cibum

38 1874 192 1948 potmque
230 1892 265 1932 ex
300 1892 382 1932 more
414 1875 575 1950 recipiunt,
612 1876 799 1934 macrescunt
829 1876 941 1949 tamen,
974 1877 1046 1950 quia

38 1957 156 2037 digestio
179 1963 221 2021 eis
244 1962 333 2039 plena
356 1981 416 2021 non
433 1963 580 2039 provenit.
624 1962 744 2022 Hilares
763 1965 884 2039 aspectu
906 1963 1079 2040 sanisque2

38 2049 143 2110 similes
171 2050 331 2110 creduntur
360 2051 398 2110 ab
427 2051 556 2111 indoctis
579 2053 654 2111 artis
682 2051 941 2128 mulomedicinae,
973 2055 1044 2128 quia

38 2140 158 2198 exterius
172 2140 273 2218 agitur
291 2158 393 2214 causa3
411 2140 519 2216 quibus
532 2140 686 2218 imperitia
704 2140 851 2200 artificum
870 2142 1044 2219 sauguinem

22 2224 153 2287 lfestinat
184 2229 309 2288 auferre.
365 2227 423 2287 Sed
455 2231 605 2289 contraria
641 2231 701 2288 ista
733 2232 848 2289 curatio
880 2232 937 2304 est,
973 2250 1044 2289 nam

39 2315 145 2376 affectis
166 2318 337 2392 sarcimine,
364 2317 509 2394 quidquid
539 2320 584 2378 est
610 2320 735 2392 virium,
761 2319 852 2377 tollit.
897 2318 933 2376 In
955 2320 1043 2377 initio

40 2406 144 2482 tamen,
170 2428 207 2466 ne
230 2407 350 2467 morbus
372 2408 530 2481 increscat,
560 2408 608 2467 vel
637 2407 670 2465 in
692 2407 764 2482 fine,
792 2426 858 2466 cum
881 2407 942 2465 iam
964 2409 1043 2466 vires

39 2493 126 2554 redire
147 2496 307 2573 coeperint,
330 2498 448 2555 emissio
472 2498 624 2574 sanguinis
647 2498 740 2555 iuvat.

104 2636 133 2683 11
153 2631 227 2686 cuir.
243 2647 265 2684 c.
282 2635 341 2697 nic,
357 2635 416 2696 rso,
432 2635 491 2684 aec.

102 2760 169 2811 c—4
188 2754 265 2826 quod
277 2754 330 2809 illa
338 2755 433 2824 passio
448 2754 541 2809 subito
554 2756 591 2809 ad
602 2773 629 2825 p.
638 2756 700 2810 PF
711 2756 715 2824 Ι
730 2756 780 2808 ut.
792 2797 798 2808 .
808 2753 913 2825 figatur
926 2755 966 2809 ed.
977 2772 1022 2825 pr.
1034 2757 1044 2828 11

42 2828 146 2895 lgrata
165 2827 287 2881 erratica
305 2829 333 2881 A
353 2830 362 2898 ΙΙ
381 2832 397 2880 o
415 2826 585 2896 pr.—cutie
603 2844 654 2881 cm.
669 2828 697 2881 A
721 2829 725 2896 Ι
750 2826 787 2880 ad
805 2828 928 2880 tractum
946 2827 986 2881 ed.
997 2844 1042 2897 pr.

43 2899 155 2954 coactu
174 2900 255 2968 Fnc
274 2898 423 2953 tractantis
441 2900 491 2965 ΡΙ
512 2897 542 2951 in
561 2898 644 2966 spina
662 2898 690 2952 P
705 2898 736 2952 in
754 2897 853 2966 splena
871 2898 902 2952 F
918 2900 958 2968 117
975 2898 1044 2967 pilis

43 2970 192 3027 e.cth.P
220 2971 224 3039 1
254 2971 443 3039 acdedpr.
475 2972 484 3038 ΙΙ
516 2971 691 3023 8necr.P
721 2973 725 3038 Ι
751 2969 1041 3042 curetsiom.FPl

44 3036 134 3095 desinit
150 3045 178 3097 A
191 3044 231 3111 119
251 3041 297 3095 dic
315 3042 395 3114 AFl
410 3040 606 3108 laboriosaque
624 3042 653 3094 P
670 3042 783 3094 curatur
800 3041 841 3094 ed.
853 3057 898 3108 pr.

102 3119 131 3167 11
151 3112 260 3167 invenit
272 3113 301 3168 P
320 3114 330 3182 ΙΙ
353 3118 386 3167 13
406 3114 435 3166 et
452 3113 499 3168 alt.
515 3113 606 3167 oan
635 3113 645 3180 ΙΙ
672 3117 705 3166 14
726 3111 905 3166 collectiones
922 3127 972 3166 cm.
988 3112 1016 3166 A
1033 3111 1043 3185 11

213 3185 310 3226 veniunt

47 3236 72 3286 15
82 3253 196 3308 rursusq.
211 3238 290 3293 veuit
301 3236 347 3290 his
363 3255 384 3290 s.
399 3253 492 3308 mcccc
509 3236 544 3291 al.
559 3235 680 3304 rufumq.
695 3235 772 3289 velut
782 3235 810 3290 A
824 3235 902 3290 velut
914 3235 959 3289 his
978 3253 998 3289 s.
1014 3238 1045 3291 F

46 3303 91 3360 illis
107 3327 125 3363 s.
144 3310 226 3378 quasi
242 3310 270 3364 P
289 3308 295 3380 Ι
316 3310 500 3363 renascuntur
518 3309 638 3377 adpeti
653 3313 685 3360 16
703 3307 865 3378 percipiunt
878 3308 906 3360 P
926 3308 930 3380 1
953 3324 1041 3361 marc-

47 3376 156 3448 111111
176 3381 236 3435 eius
250 3382 278 3435 A
292 3380 318 3433 ei
332 3382 360 3434 P
380 3380 384 3451 1
408 3387 472 3450 post
485 3380 601 3448 aspectu
620 3380 670 3433 lac.
685 3380 716 3432 ia
730 3380 804 3446 PM,
823 3378 935 3433 videtur
951 3381 1041 3448 suppl.

48 3445 123 3506 P'M'
145 3455 149 3522 Ι
174 3469 228 3521 que
246 3452 374 3518 fortdcl.
398 3454 407 3520 i
435 3456 468 3506 18
487 3451 696 3504 artis-causa
714 3467 764 3505 cm.
779 3451 840 3504 FP
863 3453 873 3518 11
901 3454 934 3501 19
953 3449 1041 3516 impe·

47 3517 84 3572 liti
103 3523 218 3577 artifices
238 3541 259 3576 s.
278 3522 446 3576 festinanter
472 3520 604 3574 auferunt
621 3520 650 3573 P
683 3523 692 3587 ΙΙ
727 3524 761 3572 20
781 3519 899 3571 extimat
922 3534 966 3570 au.
986 3519 1034 3583 Al

48 3592 74 3641 11
89 3591 148 3646 lare.
163 3611 213 3648 om.
229 3594 257 3646 P
270 3595 275 3661 1
291 3594 419 3662 superest
437 3593 476 3647 ed.
488 3609 532 3660 pr.
550 3594 554 3658 Ι
574 3589 685 3642 tollitur
698 3590 725 3641 P
736 3591 745 3655 ΙΙ
760 3593 793 3639 22
812 3587 968 3639 marcescat
980 3586 1007 3638 A

867 3673 880 3701 1

846 3677 861 3723 2
