2509 3892
628 106 765 162 VEGETI

188 280 216 336 ei
238 278 369 335 lactucas
397 276 445 335 vel
468 294 589 353 gramen
618 276 778 353 diligenter
806 276 902 334 lotum
931 278 1022 352 atque
1045 277 1190 348 concisum,
1228 269 1234 380 1

132 371 171 426 11
188 368 400 440 consequenter
418 365 541 424 daturus
558 364 730 423 huiusmodi
747 366 913 441 potionem:
936 384 1041 425 sucum
1058 367 1191 441 ptisanae,
1229 381 1233 402 ¹

186 473 321 531 passum,
348 473 418 529 ova,
447 453 546 514 oleum
574 472 705 528 roseum,
733 473 808 529 qnae
838 455 938 513 omnia
967 455 1081 531 pariter
1109 455 1192 512 mixta
1231 427 1241 512 i

121 555 125 561 '
187 563 241 621 per
266 543 399 602 triduum
426 543 525 617 dabis,
553 545 598 602 ita
627 546 662 601 ut
690 542 833 602 hordeum
862 545 959 618 primo
989 543 1192 603 decorticatum
1229 511 1232 592 l

187 635 388 708 siccatumque
424 631 590 693 manducet.
641 631 896 691 Praemonendum
934 636 1036 691 autem
1072 635 1131 706 est,
1162 649 1191 690 ne
1209 605 1233 689 il

186 724 318 781 iumento
342 742 377 781 ex
406 723 568 781 coactionis
596 722 708 780 iniuria
737 720 888 780 laboranti
913 722 1013 797 pulses
1040 737 1192 782 renasca·
1228 695 1232 750 l

186 811 293 888 lentes3
328 813 468 871 continuo
500 812 580 869 enim
614 828 774 869 nervorum
806 812 969 869 contractio
1001 813 1033 869 et
1064 809 1191 870 debilitas
1231 831 1241 884 jv

132 903 171 961 12
187 902 385 976 consequitur.
427 897 554 975 Oportet
580 902 682 958 autem
711 917 808 958 armos
831 917 933 958 eorum
960 901 991 958 et
1013 918 1112 976 genua
1133 901 1191 958 vino
1231 887 1233 972 l

187 990 284 1049 calido
307 992 338 1048 et
360 989 425 1048 oleo
448 988 548 1064 tepido
571 988 752 1063 suffundere,
780 990 936 1064 totumque
964 1007 1073 1065 corpus
1095 988 1191 1047 multo
1231 989 1233 1080 ζ

186 1099 253 1137 rum
275 1077 413 1137 menibus
431 1077 597 1137 diutissime
618 1078 782 1136 confricare
804 1080 835 1136 et
852 1078 918 1137 loco
936 1080 1070 1137 statuere
1093 1076 1191 1154 tepido,
1201 1093 1217 1133 u
1232 1087 1233 1144 1

186 1168 291 1226 mollia
313 1166 349 1226 de
379 1169 490 1227 siccato
513 1171 642 1227 stercore
669 1166 717 1225 vel
745 1166 781 1225 de
810 1168 905 1243 paleis
934 1169 1030 1226 strata
1052 1166 1190 1243 praebere.
1232 1231 1234 1236 ι

187 1256 384 1315 Posteriorem
412 1259 530 1331 partem
555 1255 713 1315 flebotomo
738 1255 825 1315 lassis
855 1275 915 1315 non
938 1258 1057 1332 oportet
1085 1254 1191 1332 attingi,
1230 1249 1235 1334 Q

186 1365 224 1404 ne
245 1347 365 1421 penitus
389 1347 546 1404 orirentur.
588 1343 673 1413 Quod
700 1346 841 1403 sirenae
867 1347 900 1403 in
926 1345 1062 1405 cruribus
1086 1346 1191 1405 tument
1234 1341 1235 1360 ¹

187 1437 218 1492 et
238 1435 345 1511 plenae
368 1437 439 1493 sunt
461 1436 592 1509 humore,
615 1434 652 1492 de
675 1435 791 1494 coronis
813 1433 935 1511 sanguis
958 1436 1123 1494 auferatuu.

1231 1577 1235 1620 1

314 1641 488 1706 xxxix.
511 1624 714 1707 nerones
731 1642 933 1724 possennus
955 1642 1081 1709 vetas.
1199 1660 1235 1750 ¹⁵r

25 1786 52 1826 11
65 1786 90 1825 ιι
105 1785 173 1826 seen.
253 1774 322 1831 Non
345 1774 443 1830 minus
465 1771 579 1829 multae
601 1773 633 1830 et
654 1771 795 1830 obscurae
813 1770 998 1831 valetudines
1021 1773 1054 1830 in
1077 1771 1190 1833 nemu

186 1862 362 1921 animalium
384 1879 476 1936 quem
493 1861 647 1918 hominum
670 1862 793 1920 existere
814 1864 1038 1935 consueverunt,
1060 1859 1190 1921 immosi
1234 1865 1236 1934 1

185 1970 290 2011 verum
320 1951 489 2026 quaerimus
521 1968 613 2025 prope
647 1968 734 2025 pares
767 1951 858 2025 atque
888 1950 1056 2009 consimiles
1092 1964 1189 2011 sumus
1234 1967 1241 2027 ᾗ

185 2040 264 2098 Nam
287 2038 475 2113 animalibus,
498 2040 569 2114 quia
591 2039 753 2098 rationales
776 2056 885 2113 sumus,
908 2039 972 2098 sola
994 2042 1095 2099 mente
1117 2055 1190 2116 prae·
1232 1985 1237 2088 i

186 2132 311 2202 stamus3
341 2130 472 2205 corporis
502 2147 572 2186 vero
600 2130 710 2186 nature
733 2128 896 2187 communis
924 2129 982 2203 est,
1011 2131 1141 2187 maxime
1163 2128 1215 2184 inu
1232 2135 1241 2226 j

151 2219 344 2281 2doloribus.
399 2218 541 2277 Dolorem
572 2218 684 2276 ventris
716 2218 749 2274 in
779 2218 921 2276 iumentis
952 2218 1189 2277 veterinariorum
1232 2235 1236 2284 1

256 2395 272 2442 b
292 2387 365 2442 Ohir.
380 2406 402 2443 o.
420 2393 479 2442 161,
571 2392 603 2440 12
624 2384 696 2440 Chir.
713 2403 734 2439 c.
752 2391 810 2439 162.
904 2391 936 2440 13
956 2384 1029 2440 Ohir.
1045 2403 1067 2440 c.
1086 2392 1144 2441 163.

185 2466 217 2514 21
237 2459 311 2514 Chir.
327 2477 349 2514 a.
365 2465 424 2514 205.

257 2626 270 2672 1
291 2619 507 2688 diligentissime
525 2620 553 2673 P
579 2620 583 2686 1
613 2617 748 2672 confisum
767 2619 795 2672 P
818 2620 828 2686 ΙΙ
855 2622 871 2670 3
890 2620 1015 2673 rosatum
1033 2618 1073 2672 cd.
1084 2634 1129 2687 pr.
1143 2617 1169 2671 A

183 2705 243 2760 par.
265 2708 301 2743 m.
323 2706 374 2744 orn.
397 2692 424 2743 P
444 2690 534 2741 mixta
559 2705 609 2742 om.
625 2690 653 2743 A
683 2691 693 2758 [Ι
724 2689 786 2742 ah.
806 2705 859 2758 pro
882 2689 1059 2744 modulatum
1082 2687 1167 2744 APP

184 2766 200 2813 t
220 2763 315 2813 autem
328 2776 379 2814 om.
394 2762 422 2814 P
432 2762 442 2830 ΙΙ
457 2766 472 2813 6
487 2759 591 2813 calenti
604 2761 644 2814 ed.
656 2778 700 2828 pr.
718 2763 722 2830 Ι
737 2776 773 2814 ne
786 2760 942 2814 iumentum
956 2776 990 2815 ex
1004 2758 1189 2816 erectionibus

184 2830 316 2885 iniuriam
334 2831 464 2885 laborum
481 2830 616 2899 impulsos
635 2848 659 2884 v.
675 2830 798 2885 calentes
816 2832 923 2885 habens
938 2833 966 2886 P
976 2834 986 2901 11
1000 2837 1014 2884 7
1030 2848 1114 2887 nervo
1133 2846 1190 2884 oon·

97 2961 101 2968 ,
183 2904 275 2956 tracto
290 2904 317 2957 A
333 2904 337 2972 Ι
353 2901 485 2956 contritio
495 2902 526 2956 F
535 2903 545 2971 l
559 2907 575 2955 9
589 2902 686 2971 tepido
696 2919 747 2957 om.
763 2904 808 2971 ΡΙ
825 2905 853 2957 et
866 2905 886 2957 t.
898 2903 962 2958 AF
972 2905 981 2971 ΙΙ
996 2900 1187 2958 10-11etLt

183 2990 389 3060 ipsumponere
404 2993 432 3045 et
446 3007 602 3060 supponere
616 2991 643 3045 ei
651 2991 750 3045 mollia
759 2994 792 3046 ut
799 2991 911 3061 paleam
920 2995 949 3046 et
960 2980 1006 3045 bre
1015 2993 1064 3063 Pu
1079 2997 1110 3045 11
1124 2990 1189 3069 sicoq

183 3062 215 3116 F
224 3064 234 3131 l
248 3068 280 3115 12
295 3081 323 3132 p.
338 3065 433 3116 autem
446 3080 473 3131 p.
486 3064 531 3131 Pl
547 3062 618 3117 laxis
633 3064 673 3118 ed.
684 3080 728 3132 pr.
744 3063 825 3132 AF!
842 3062 967 3132 contingi
981 3064 1020 3118 ed.
1031 3080 1077 3133 pr.
1094 3060 1189 3128 attium

184 3133 298 3204 APFu
313 3139 346 3187 13
365 3136 530 3187 enerventur
547 3135 631 3204 Pru
650 3140 683 3187 14
702 3134 742 3205 et]
761 3135 816 3188 hae
834 3136 862 3189 A
880 3136 912 3187 ut
929 3135 976 3203 F!
993 3133 1051 3188 sint
1067 3134 1187 3188 humores

183 3206 211 3259 A
229 3204 287 3260 sint
304 3204 467 3259 humoribus
486 3206 534 3274 F!
550 3205 721 3260 decoctionis
740 3208 768 3260 A
784 3209 788 3274 Ι
805 3223 825 3259 s.
845 3204 981 3259 auffertur
998 3206 1063 3261 AF

255 3281 288 3330 16
308 3275 499 3346 aegritudines
518 3278 546 3331 P
574 3278 584 3346 fl
621 3282 654 3331 18
673 3280 731 3344 atq.
746 3294 796 3332 orn.
811 3278 840 3331 A
858 3292 992 3345 consque
1011 3278 1043 3332 F
1069 3279 1073 3345 Ι
1102 3287 1187 3331 sumas

183 3363 234 3401 ora.
249 3349 278 3402 P
297 3349 307 3416 ΙΙ
331 3352 363 3400 19
384 3347 451 3415 quia
468 3365 490 3401 r.
505 3365 526 3400 s.
541 3364 591 3404 ora.
607 3349 636 3402 P
655 3350 665 3417 ΙΙ
687 3353 721 3400 20
740 3364 812 3401 max.
827 3348 858 3402 in
877 3348 903 3401 d.
918 3365 968 3403 om.
984 3350 1013 3403 P
1031 3350 1041 3417 ΙΙ
1064 3354 1097 3402 11
1116 3343 1187 3400 dolor

183 3418 259 3472 enim
276 3436 300 3472 v.
315 3418 396 3487 AF}
416 3417 446 3470 in
464 3418 530 3471 ium.
545 3434 596 3472 om.
611 3420 640 3473 P
661 3420 666 3485 1
690 3419 878 3473 veterinorum
896 3421 936 3474 ed.
947 3437 991 3489 pr.
1010 3419 1187 3475 vectariorum

183 3490 211 3543 A
228 3489 372 3559 imperitia
390 3491 470 3544 vetus
489 3490 626 3542 atriorum
644 3490 672 3543 P
