2509 3892
432 120 572 175 uriom
592 121 617 173 ΙΙ
638 126 697 186 ma,
714 126 764 174 reo
1040 120 1106 184 223

86 290 176 348 melle
200 289 351 347 defundes,
393 289 441 348 Ad
463 291 560 348 levem
587 290 694 349 tussim
722 290 850 348 viatoria
878 293 948 348 sunt
971 294 1161 365 experta-12

87 397 145 453 que
173 378 320 436 remedia:
347 398 452 455 porros
480 378 643 453 decoquere
672 382 702 437 et
730 397 798 437 cum
824 378 917 437 herba
943 378 1105 454 parietaria

86 468 161 526 bene
183 470 274 526 tunsa
296 470 420 527 miscere
446 469 594 544 factisque
621 469 753 544 pastillis
780 470 812 526 in
836 487 893 527 ovo
918 469 1051 527 resoluto
1075 472 1106 526 et

86 558 152 615 oleo
176 575 262 615 roseo
290 575 344 615 neo
366 577 427 617 non
454 560 486 616 et
507 576 595 633 passo
627 561 658 616 et
684 559 773 616 melle
801 558 976 616 convolvere
1000 559 1030 615 et
1051 577 1106 632 per

61 646 222 708 stridulum
253 645 381 721 deicere,
413 666 577 722 sucumque
608 645 703 723 ipsius
733 648 807 705 iuris
839 649 871 703 in
901 665 960 721 quo
991 647 1104 705 decocti

86 739 157 793 sunt
197 738 282 810 porri
316 738 441 812 insuper
481 737 552 794 dare
592 755 646 811 per
687 755 787 794 cornu.
841 736 918 794 Item
954 737 1033 794 laser
1067 737 1104 793 ad

83 824 324 902 magnitudinem
341 824 429 883 faba-e
453 843 521 883 cum
544 828 615 883 vino
638 826 733 884 reteri
756 825 871 884 deteres
894 828 924 883 et
941 844 996 899 per
1014 843 1105 883 cornu

84 911 180 972 dabie.
222 912 311 973 'iussi
330 918 360 973 et
376 914 531 992 gravedini
550 914 658 990 capitis
672 914 851 973 medebitur:
871 915 968 973 oleum
986 932 1105 972 roseum

85 1003 132 1061 vel
152 1004 233 1061 certe
251 1004 378 1078 simplex
400 1003 451 1062 sed
474 1004 569 1063 viride
588 1022 656 1061 cum
679 1022 759 1078 aqua
777 1003 875 1061 calida
897 1022 951 1078 per
970 1003 1104 1060 dextram

49 1115 72 1153 ro
84 1111 189 1151 narem
211 1111 265 1167 per
287 1092 421 1151 triduum
445 1093 580 1151 defunde.

423 1300 566 1366 CXXX.
590 1300 642 1365 De
663 1300 768 1365 micis.

154 1430 264 1489 Vulsos
300 1431 450 1508 glutinare
487 1432 632 1506 creditur,
665 1432 689 1489 si
724 1431 876 1490 tracanthi
912 1450 978 1491 unc.
1002 1430 1032 1488 Π
1064 1423 1209 1519 Ivfflgsssffffi

83 1520 181 1593 pridie
194 1519 336 1579 infundas
349 1523 381 1579 in
398 1521 505 1596 calida,
524 1521 605 1579 faeni
625 1540 743 1596 quoque
758 1518 864 1580 Graeci
882 1521 1033 1579 heminam

84 1613 114 1667 et
136 1609 194 1667 lini
217 1612 339 1668 seminis
365 1611 516 1668 heminam
544 1611 706 1685 separatim
728 1610 882 1683 infimdas‚
913 1610 961 1668 die
983 1612 1103 1685 postero

49 1700 115 1758 uin
138 1699 267 1758 caccabo
289 1699 438 1774 decoquas
466 1702 497 1759 et
519 1700 634 1776 pariter
657 1702 751 1774 teras,
779 1703 848 1775 post
870 1700 1018 1757 medullae
1042 1718 1103 1758 oer-

84 1790 173 1846 rinae
191 1806 258 1846 unc.
278 1788 317 1862 11,
340 1791 403 1847 sevi
420 1789 530 1847 hircini
547 1788 599 1846 lib.
618 1788 643 1863 Ι,
664 1789 775 1848 radicis
794 1788 971 1847 draconteae
995 1808 1060 1847 unc.
1080 1788 1103 1865 L

83 1878 243 1953 gentianae
274 1896 339 1936 unc.
363 1877 387 1951 I,
417 1880 593 1938 centaureae
624 1897 689 1938 uno.
712 1877 737 1952 I,
767 1879 830 1937 sevi
856 1878 969 1936 taurini
999 1878 1103 1938 uncI

84 1966 251 2025 contundes
274 1970 305 2025 et
326 1967 402 2039 illis,
433 1986 510 2043 quae
538 1967 621 2043 prius
651 1969 759 2044 parate
782 1971 865 2040 sunt,
895 1967 1001 2027 addas:
1025 1987 1102 2043 quae

83 2055 185 2113 omnia
214 2056 246 2113 in
278 2051 423 2116 mortario
458 2057 560 2115 mittes
594 2060 625 2116 et
658 2056 825 2116 diutissime
862 2061 1003 2115 conteres
1054 2057 1101 2114 Ad

48 2165 71 2203 ro
83 2144 225 2203 ultimum
243 2143 289 2201 ΠΙ
304 2149 376 2204 sext.
395 2147 476 2220 passi
495 2148 526 2204 et
544 2164 662 2220 aquam,
681 2145 712 2202 in
732 2164 791 2219 qua
814 2147 935 2203 faenum
955 2143 1101 2204 Graecum

83 2233 131 2292 vel
155 2252 255 2293 semen
277 2234 333 2292 lini
355 2236 456 2294 fuerat
475 2235 620 2308 infusum,
648 2234 758 2292 adicies
782 2237 812 2292 et
841 2233 986 2309 decoquas
1010 2237 1040 2292 et
1063 2235 1102 2292 ad

83 2341 178 2382 cornu
196 2341 250 2399 per
266 2323 400 2381 triduum
420 2323 513 2382 dabis.
555 2322 695 2382 Graviter
718 2325 878 2382 tussientes
897 2325 927 2380 et
950 2322 1029 2380 vulsi
1047 2323 1102 2381 hac
1118 2327 1136 2381 2

157 2493 344 2547 1Pel.o.76.
432 2493 562 2547 6Pel.c.
580 2498 622 2548 77.
710 2492 802 2546 8Pel.
818 2509 841 2545 o.
857 2498 900 2545 82.
991 2497 1023 2545 12
1043 2491 1100 2547 Pel.

83 2582 106 2617 c.
122 2570 165 2618 84.
240 2570 272 2617 22
291 2563 349 2618 Pel.
365 2582 386 2618 c.
403 2571 437 2618 85
457 2564 602 2633 (Emeriti).

156 2733 169 2777 1
191 2724 332 2779 diffundes
355 2726 394 2779 ed.
409 2743 455 2793 pr.
472 2725 532 2779 ΑΡ
556 2728 559 2794 1
582 2723 687 2778 vituria
706 2725 732 2778 L
750 2724 891 2779 iuratoria
910 2727 938 2779 A
962 2728 967 2795 1
993 2725 1100 2794 experi-

82 2800 178 2850 menta
191 2812 259 2849 rem.
268 2797 295 2850 L
307 2799 449 2879 expertaq.
458 2813 552 2866 marpo
561 2797 601 2849 ed.
607 2813 651 2865 pr.
663 2797 822 2866 expeditaq.
834 2797 905 2867 cuiq.
920 2798 930 2865 11
944 2803 960 2849 2
974 2815 1001 2865 p.
1013 2797 1100 2850 etiam

83 2885 171 2937 coque
185 2875 232 2923 etc.
247 2870 296 2938 Ρ1
310 2875 326 2920 3
340 2886 371 2920 m
385 2866 460 2921 olere
475 2866 566 2921 soluto
581 2869 608 2920 A
624 2870 628 2935 1
646 2870 674 2921 et
688 2867 724 2921 ol.
739 2886 760 2923 r.
776 2885 826 2923 om.
840 2868 868 2921 P
879 2870 888 2937 11
902 2873 918 2921 4
933 2870 962 2922 et
976 2873 1034 2922 tert.
1049 2884 1100 2923 om.

82 2940 413 3008 εᾱ.ρν.115(]ιιθοτη.εᾱ.
425 2957 470 3008 pr.
481 2940 509 2993 A
525 2941 529 3007 Ι
545 2938 635 3007 ipsius
649 2938 718 2993 iuris
733 2941 762 2992 et
777 2954 851 3007 aqua
864 2939 894 2991 in
909 2956 965 3006 qua
980 2938 1006 2991 L
1020 2938 1101 2992 uliris

82 3014 110 3065 et
128 3027 234 3079 aquam
247 3012 277 3064 in
296 3027 353 3080 qua
367 3012 396 3065 P
407 3010 561 3077 subtusque
575 3009 665 3079 ipsius
683 3010 751 3063 viris
767 3013 797 3064 et
811 3026 885 3077 aqua
899 3010 929 3063 in
944 3027 1000 3079 qua
1014 3011 1042 3064 A
1056 3029 1102 3064 su-

82 3099 145 3136 cum
164 3082 255 3151 ipsius
270 3081 434 3135 conditurae
449 3083 506 3135 Pel.
520 3083 560 3150 116
580 3099 695 3134 cornum
711 3082 770 3135 ΕΡ
784 3085 788 3151 1
804 3081 879 3135 laser
893 3082 923 3134 id
942 3084 985 3135 eet
1004 3099 1020 3135 o
1042 3082 1100 3135 ium

83 3153 241 3222 syrenicum
259 3154 299 3208 ed.
311 3171 356 3223 pr.
372 3155 400 3207 A
418 3152 606 3221 (cirinnicum)
619 3155 629 3222 1
648 3158 664 3206 9
684 3157 713 3206 et
729 3171 754 3207 v.
769 3154 809 3207 cd.
822 3171 866 3221 pr.
881 3154 910 3207 A
932 3155 941 3222 11
965 3159 998 3206 10
1018 3100 1100 3206 diffu-

83 3243 143 3279 sum
163 3226 201 3279 ed.
215 3243 259 3294 pr.
275 3228 302 3280 A
321 3224 398 3295 (def.)
416 3223 541 3277 infimum
558 3226 692 3292 prodesse
712 3224 818 3293 poterit
835 3224 872 3277 ad
891 3223 1012 3278 salutern
1031 3224 1059 3277 P

154 3302 187 3349 12
197 3295 284 3350 vulsis
298 3298 337 3350 cd.
342 3314 388 3365 pr.
398 3295 495 3348 vulsus
505 3295 564 3350 LP
571 3313 596 3350 v.
607 3294 645 3364 gl.
656 3312 693 3348 cr.
704 3312 754 3350 om.
764 3297 791 3350 A
805 3298 814 3364 11
830 3303 863 3348 14
872 3294 925 3347 lini
935 3312 955 3349 s.
966 3295 1038 3350 hem.
1049 3312 1100 3351 om.

83 3371 108 3423 A
124 3372 129 3437 1
145 3383 241 3421 semen
260 3368 287 3420 L
303 3370 307 3436 1
324 3368 350 3421 d.
365 3366 450 3421 tertio
464 3368 492 3421 A
506 3370 515 3436 11
530 3372 563 3419 16
581 3365 728 3420 hircini—
741 3372 773 3419 17
789 3367 846 3421 sevi
865 3383 915 3420 om.
931 3366 958 3419 L
971 3367 980 3435 11
995 3371 1028 3419 17
1043 3384 1064 3419 a.
1080 3371 1099 3419 t.

82 3456 143 3493 unc.
158 3440 183 3493 I:
205 3440 301 3493 omnia
318 3439 349 3491 in
366 3438 501 3491 mortario
517 3438 587 3491 trita
600 3437 688 3492 misce
705 3441 734 3492 et
749 3438 822 3492 adde
841 3437 940 3491 ultimo
956 3437 1034 3504 passi
1048 3438 1076 3489 P
1076 3438 1102 3560 p

84 3517 115 3564 18
129 3526 203 3579 quae
217 3511 332 3579 peracta
347 3511 413 3562 sunt
422 3511 448 3563 A
463 3512 472 3576 11
487 3514 519 3562 19
534 3509 699 3563 mortarium
709 3511 748 3563 cd.
757 3526 800 3576 pr.
816 3512 825 3577 11
839 3508 1004 3579 saw-4
1014 3523 1064 3561 om.
